@book{NarrationID1,
  title     = {La Structure},
  author    = {Perret, Philippe},
  year      = {2016},
  publisher = {Encres de Siagne},
  isbn      = {},
  series    = {Collection Narration},
  id        = {NarrationID1}
}


@book{NarrationID2,
  title     = {Les Personnages},
  author    = {Perret, Philippe},
  year      = {2016},
  publisher = {Encres de Siagne},
  isbn      = {},
  series    = {Collection Narration},
  id        = {NarrationID2}
}


@book{NarrationID3,
  title     = {La Dynamique narrative},
  author    = {Perret, Philippe},
  year      = {2016},
  publisher = {Encres de Siagne},
  isbn      = {},
  series    = {Collection Narration},
  id        = {NarrationID3}
}


@book{NarrationID4,
  title     = {La Thématique},
  author    = {Perret, Philippe},
  year      = {2016},
  publisher = {Encres de Siagne},
  isbn      = {},
  series    = {Collection Narration},
  id        = {NarrationID4}
}


@book{NarrationID5,
  title     = {Les Documents d'écriture},
  author    = {Perret, Philippe},
  year      = {2016},
  publisher = {Encres de Siagne},
  isbn      = {},
  series    = {Collection Narration},
  id        = {NarrationID5}
}


@book{NarrationID6,
  title     = {Le Travail de l'auteur},
  author    = {Perret, Philippe},
  year      = {2016},
  publisher = {Encres de Siagne},
  isbn      = {},
  series    = {Collection Narration},
  id        = {NarrationID6}
}


@book{NarrationID7,
  title     = {Les Procédés narratifs},
  author    = {Perret, Philippe},
  year      = {2016},
  publisher = {Encres de Siagne},
  isbn      = {},
  series    = {Collection Narration},
  id        = {NarrationID7}
}


@book{NarrationID8,
  title     = {Les Concepts narratifs en action},
  author    = {Perret, Philippe},
  year      = {2016},
  publisher = {Encres de Siagne},
  isbn      = {},
  series    = {Collection Narration},
  id        = {NarrationID8}
}


@book{NarrationID9,
  title     = {Le Dialogue},
  author    = {Perret, Philippe},
  year      = {2016},
  publisher = {Encres de Siagne},
  isbn      = {},
  series    = {Collection Narration},
  id        = {NarrationID9}
}


@book{NarrationID10,
  title     = {L'Analyse de films},
  author    = {Perret, Philippe},
  year      = {2016},
  publisher = {Encres de Siagne},
  isbn      = {},
  series    = {Collection Narration},
  id        = {NarrationID10}
}


@book{DRAMA1994,
  title     = {La Dramaturgie},
  author    = {Yves Lavandier},
  year      = {1994},
  publisher = {Le Clown & l'Enfant},
  isbn      = {2-910606-00-7},
  series    = {},
  id        = {DRAMA1994}
}


@book{GDS1998,
  title     = {Le Guide du scénariste},
  author    = {Christopher Vogler},
  year      = {1998},
  publisher = {Dixit},
  isbn      = {2906587796},
  series    = {},
  id        = {GDS1998}
}


@book{SRPS1998,
  title     = {Savoir rédiger et présenter son scénario},
  author    = {Philippe Perret et Robin Barrataud},
  year      = {1998},
  publisher = {Encres de Siagne},
  isbn      = {979-10-90461-05-5},
  series    = {},
  id        = {SRPS1998}
}


