@movie{12AngryMen1957,
  title     = {12 Angry Men},
  titlefr   = {Douze hommes en colère},
  year      = {1957},
  country   = {us},
  author    = {Rose, Reginald},
  director  = {Lumet, Sydney},
  publisher = {Rose, Reginald and Fonda, Henry},
  id        = {12AngryMen1957}
}


@movie{127Hours2010,
  title     = {127 Hours},
  titlefr   = {127 Heures},
  year      = {2010},
  country   = {us},
  author    = {Ralston, Aron and Boyle, Danny and Beaufoy, Simon},
  director  = {Boyle, Danny},
  publisher = {Boyle, Danny and Colson, Christian and Smithson, John},
  id        = {127Hours2010}
}


@movie{2001ASpaceOdyssey1968,
  title     = {2001: A Space Odyssey},
  titlefr   = {2001, l'odyssée de l'espace},
  year      = {1968},
  country   = {us, en},
  author    = {Kubrick, Stanley and Clarke, Arthur C.},
  director  = {Kubrick, Stanley},
  publisher = {Kubrick, Stanley},
  id        = {2001ASpaceOdyssey1968}
}


@movie{21Grams2003,
  title     = {21 Grams},
  titlefr   = {21 Grammes},
  year      = {2003},
  country   = {us},
  author    = {Arriaga, Guillermo},
  director  = {Iñárritu, Alejandro González},
  publisher = {Salerno, Robert and Iñárritu, Alejandro González},
  id        = {21Grams2003}
}


@movie{36QuaiDesOrfevres2004,
  title     = {36, Quai des orfèvres},
  titlefr   = {},
  year      = {2004},
  country   = {fr},
  author    = {Mancuso, Frank and Loiseau, Dominique and Marchal, Olivier and Rappeneau, Julien},
  director  = {Marchal, Olivier},
  publisher = {Chorot, Franck and Colbeau-Justin, Cyril and Dupont, Jean-Baptiste},
  id        = {36QuaiDesOrfevres2004}
}


@movie{AClockworkOrange1971,
  title     = {A Clockwork Orange},
  titlefr   = {Orange mécanique},
  year      = {1971},
  country   = {us, en},
  author    = {Burgess, Anthony and Kubrick, Stanley},
  director  = {Kubrick, Stanley},
  publisher = {Kubrick, Stanley},
  id        = {AClockworkOrange1971}
}


@movie{HistoryOfViolence2005,
  title     = {A History of Violence},
  titlefr   = {},
  year      = {2005},
  country   = {us},
  author    = {Olson, Josh and Wagner, John and Locke, Vince},
  director  = {Cronenberg, David},
  publisher = {Bender, Chris and Spink, J.C. and Weiner, Jake},
  id        = {HistoryOfViolence2005}
}


@movie{ARiverRunsThroughIt1992,
  title     = {A River Runs Through It},
  titlefr   = {Et au milieu coule une rivière},
  year      = {1992},
  country   = {us},
  author    = {Maclean, Norman and Friedenberg, Richard},
  director  = {Redford, Robert},
  publisher = {Markey, Patrick and Mato, Amalia and Redford, Robert},
  id        = {ARiverRunsThroughIt1992}
}


@movie{AStarIsBorn1954,
  title     = {A Star is Born},
  titlefr   = {Une étoile est née},
  year      = {1954},
  country   = {us},
  author    = {Carson, Robert and Campbell, Alan and Parker, Dorothy and Hart, Moss},
  director  = {Cukor, George},
  publisher = {Luft, Sidney},
  id        = {AStarIsBorn1954}
}


@movie{AWomanUnderTheInfluence1974,
  title     = {A Woman Under the Influence},
  titlefr   = {Une Femme sous influence},
  year      = {1974},
  country   = {us},
  author    = {Cassavetes, John},
  director  = {Cassavetes, John},
  publisher = {Shaw, Sam},
  id        = {AWomanUnderTheInfluence1974}
}


@movie{AIArtificialIntelligence2001,
  title     = {AI, Artificial Intelligence},
  titlefr   = {},
  year      = {2001},
  country   = {us},
  author    = {Aldiss, Brian and Watson, Ian and Spielberg, Steven and Kubrick, Stanley},
  director  = {Spielberg, Steven},
  publisher = {Spielberg, Steven and Curtis, Bonnie and Kennedy, Kathleen},
  id        = {AIArtificialIntelligence2001}
}


@movie{AdamSRib1949,
  title     = {Adam's Rib},
  titlefr   = {Madame porte la culotte},
  year      = {1949},
  country   = {us},
  author    = {Gordon, Ruth and Kanin, Garson},
  director  = {Cukor, George},
  publisher = {Weingarten, Lawrence},
  id        = {AdamSRib1949}
}


@movie{Alien1979,
  title     = {Alien},
  titlefr   = {},
  year      = {1979},
  country   = {us},
  author    = {Shusett, Ronald and O'Bannon, Dan},
  director  = {Scott, Ridley},
  publisher = {Carroll, Gordon and Giler, David and Hill, Walter},
  id        = {Alien1979}
}


@movie{AlienResurrection1997,
  title     = {Alien : Resurrection},
  titlefr   = {Alien 4},
  year      = {1997},
  country   = {us},
  author    = {O'Bannon, Dan and Shusette, Ronald and Whedon, Joss},
  director  = {Jeunet, Jean-Pierre},
  publisher = {Badalato, Bill and Caroll, Gordon and Giler, David and Hill, Walter},
  id        = {AlienResurrection1997}
}


@movie{AllAboutEve1950,
  title     = {All About Eve},
  titlefr   = {Eve},
  year      = {1950},
  country   = {us},
  author    = {Orr, Mary and Mankiewicz, Joseph L. and Kästner, Erich},
  director  = {Mankiewicz, Joseph L.},
  publisher = {Zanuck, Darryl F.},
  id        = {AllAboutEve1950}
}


@movie{Amadeus1984,
  title     = {Amadeus},
  titlefr   = {},
  year      = {1984},
  country   = {us},
  author    = {Shaffer, Peter},
  director  = {Forman, Milos},
  publisher = {Zaentz, Saul},
  id        = {Amadeus1984}
}


@movie{AmericanBeauty1999,
  title     = {American Beauty},
  titlefr   = {},
  year      = {1999},
  country   = {us},
  author    = {Ball, Alan},
  director  = {Mendes, Sam},
  publisher = {Cohen, Bruce and Jinks, Dan},
  id        = {AmericanBeauty1999}
}


@movie{Antichrist2009,
  title     = {Antichrist},
  titlefr   = {},
  year      = {2009},
  country   = {dk},
  author    = {Von Trier, Lars},
  director  = {Von Trier, Lars},
  publisher = {Foldager, Meta Louise and Jönsson, Lars and Occhipinti, Andrea and Østergaard, Ole},
  id        = {Antichrist2009}
}


@movie{Avatar2009,
  title     = {Avatar},
  titlefr   = {},
  year      = {2009},
  country   = {us},
  author    = {Cameron, James},
  director  = {Cameron, James},
  publisher = {Cameron , James and Landau, Jon},
  id        = {Avatar2009}
}


@movie{Aviator2004,
  title     = {Aviator},
  titlefr   = {},
  year      = {2004},
  country   = {us},
  author    = {Logan, John},
  director  = {Scorsese, Martin},
  publisher = {Climan, Sandy and Evans Jr., Charles and King, Graham and Mann, Michael},
  id        = {Aviator2004}
}


@movie{Babe1995,
  title     = {Babe},
  titlefr   = {},
  year      = {1995},
  country   = {us, au},
  author    = {King-Smith, Dick and Miller, George and Noonan, Chris},
  director  = {Noonan, Chris},
  publisher = {Miller, Bill and Miller, George and Mitchell, Doug},
  id        = {Babe1995}
}


@movie{BackToTheFuture1985,
  title     = {Back to the Future},
  titlefr   = {Retour vers le futur},
  year      = {1985},
  country   = {us},
  author    = {Zemeckis, Robert and Gale,  Bob},
  director  = {Zemeckis, Robert },
  publisher = {Gale, Bob and Canton, Neil},
  id        = {BackToTheFuture1985}
}


@movie{BladeRunner1982,
  title     = {Blade Runner},
  titlefr   = {},
  year      = {1982},
  country   = {us},
  author    = {Fancher, Hampton and Peoples, David Webb and Dick, Philip K.},
  director  = {Scott, Riddley},
  publisher = {Deeley, Michael and de Lauzirika, Charles},
  id        = {BladeRunner1982}
}


@movie{TheBodyguard1992,
  title     = {Bodyguard},
  titlefr   = {Bodyguard},
  year      = {1992},
  country   = {us},
  author    = {Kasdan, Lawrence},
  director  = {Jackson Mick, },
  publisher = {Costner, Kevin and Kasdan, Lawrence and Wilson, Jim},
  id        = {TheBodyguard1992}
}


@movie{BonnieAndClyde1967,
  title     = {Bonnie and Clyde},
  titlefr   = {},
  year      = {1967},
  country   = {us},
  author    = {Newman, David and Benton, Robert and Towne, Robert},
  director  = {Penn, Arthur},
  publisher = {Beatty, Warren},
  id        = {BonnieAndClyde1967}
}


@movie{BreakfastAtTiffanyS1961,
  title     = {Breakfast at Tiffany's},
  titlefr   = {Diamants sur canapé},
  year      = {1961},
  country   = {us},
  author    = {Capote, Truman and Axelrod, George},
  director  = {Edwards, Blake},
  publisher = {Shepherd, Richard and Jurow, Martin},
  id        = {BreakfastAtTiffanyS1961}
}


@movie{BreakingTheWaves1996,
  title     = {Breaking the Waves},
  titlefr   = {},
  year      = {1996},
  country   = {dk},
  author    = {Von Trier, Lars and Asmussen, Peter and Pirie, Peter},
  director  = {Von Trier, Lars},
  publisher = {Jensen, Peter Aalbæk and Windeløv, Vibeke},
  id        = {BreakingTheWaves1996}
}


@movie{CEraUnaVoltaIlWest1968,
  title     = {C'era una volta il West},
  titlefr   = {Il était une fois dans l'Ouest},
  year      = {1968},
  country   = {it, us},
  author    = {Argento, Dario and Bertolucci, Bernardo and Leone, Sergio and Donati, Sergio and Knox, Mickey},
  director  = {Leone, Sergio},
  publisher = {Morsella, Fulvio},
  id        = {CEraUnaVoltaIlWest1968}
}


@movie{CarlitoSWay1993,
  title     = {Carlito's Way},
  titlefr   = {L'Impasse},
  year      = {1993},
  country   = {us},
  author    = {Torres, Edwin and Kœpp, David},
  director  = {De Palma, Brian},
  publisher = {Bregman, Martin and Bregman, Michael Scott and Bär, Willi},
  id        = {CarlitoSWay1993}
}


@movie{CastAway2000,
  title     = {Cast Away},
  titlefr   = {Seul au monde},
  year      = {2000},
  country   = {us},
  author    = {Broyles Jr., William},
  director  = {Zemeckis, Robert},
  publisher = {Rapke, Jack and Zemeckis,  Robert and Starkey,  Steve and Hanks,  Tom},
  id        = {CastAway2000}
}


@movie{Chappie2015,
  title     = {Chappie},
  titlefr   = {},
  year      = {2015},
  country   = {us},
  author    = {Blomkamp, Neill and Tatchell, Terri},
  director  = {Blomkamp, Neill},
  publisher = {Blomkamp, Neill and Kinberg, Simon},
  id        = {Chappie2015}
}


@movie{Charade1963,
  title     = {Charade},
  titlefr   = {},
  year      = {1963},
  country   = {us},
  author    = {Stone, Peter and Behm, Marc},
  director  = {Donen, Stanley},
  publisher = {Donen, Stanley},
  id        = {Charade1963}
}


@movie{ChariotsOfFire1981,
  title     = {Chariots of Fire},
  titlefr   = {Les Chariots de Feu},
  year      = {1981},
  country   = {en},
  author    = {Welland, Colin},
  director  = {Hudson, Hugh},
  publisher = {Puttnam, David},
  id        = {ChariotsOfFire1981}
}


@movie{CitizenKane1941,
  title     = {Citizen Kane},
  titlefr   = {},
  year      = {1941},
  country   = {us},
  author    = {Mankiewicz, Herman J. and Welles, Orson},
  director  = {Welles, Orson},
  publisher = {Welles, Orson},
  id        = {CitizenKane1941}
}


@movie{Collateral2004,
  title     = {Collateral},
  titlefr   = {},
  year      = {2004},
  country   = {us},
  author    = {Beattie, Stuart},
  director  = {Mann, Michael},
  publisher = {Mann, Michael and Richardson, Julie},
  id        = {Collateral2004}
}


@movie{ColumboMurderByTheBook1971,
  title     = {Columbo: Murder by the Book},
  titlefr   = {},
  year      = {1971},
  country   = {us},
  author    = {Levinson, Richard and Link, William and Bochco, Steven},
  director  = {Spielberg, Steven},
  publisher = {Levinson, Richard and Link, William},
  id        = {ColumboMurderByTheBook1971}
}


@movie{Copycat1995,
  title     = {Copycat},
  titlefr   = {},
  year      = {1995},
  country   = {us},
  author    = {Biderman, Ann and Madsen,  David},
  director  = {Amiel, Jon},
  publisher = {Tarlov , Mark and Milchan, Arnon},
  id        = {Copycat1995}
}


@movie{Crash2004,
  title     = {Crash},
  titlefr   = {Collision},
  year      = {2004},
  country   = {us},
  author    = {Haggis, Paul and Moresco, Robert},
  director  = {Haggis, Paul},
  publisher = {Cheadle, Don and Haggis, Paul and Harris, Mark R. and Moresco, Robert and Schulman, Cathy and Yari, Bob},
  id        = {Crash2004}
}


@movie{Cube1997,
  title     = {Cube},
  titlefr   = {},
  year      = {1997},
  country   = {ca},
  author    = {Bijelic, andré and Natali, Vincenzo},
  director  = {Natali, Vincenzo},
  publisher = {Meh, Mehra and Orr, Betty},
  id        = {Cube1997}
}


@movie{DancerInTheDark2000,
  title     = {Dancer in the Dark},
  titlefr   = {},
  year      = {2000},
  country   = {da},
  author    = {Von Trier, Lars},
  director  = {Von Trier, Lars},
  publisher = {Windeløv, Vibeke},
  id        = {DancerInTheDark2000}
}


@movie{DeBattreMonCoeurSEstArrete2005,
  title     = {De battre mon cœur s’est arrêté},
  titlefr   = {},
  year      = {2005},
  country   = {fr},
  author    = {Audiard, Jacques and Benacquista, Tonino and Toback, James},
  director  = {Audiard, Jacques},
  publisher = {Caucheteux, Pascal},
  id        = {DeBattreMonCoeurSEstArrete2005}
}


@movie{DeadCalm1989,
  title     = {Dead Calm},
  titlefr   = {Calme blanc},
  year      = {1989},
  country   = {us, au},
  author    = {Williams, Charles and Hayes, Terry},
  director  = {Noyce, Phillip},
  publisher = {Hayes, Terry and Mitchell, Doug and Miller, George},
  id        = {DeadCalm1989}
}


@movie{DeadPoetsSociety1989,
  title     = {Dead Poets Society},
  titlefr   = {Le Cercle des poètes disparus},
  year      = {1989},
  country   = {us},
  author    = {Schulman, Tom},
  director  = {Weir, Peter},
  publisher = {Haft, Steven and Thomas, Tony},
  id        = {DeadPoetsSociety1989}
}


@movie{DekalogPiec1988,
  title     = {Dekalog, piec},
  titlefr   = {Cinquième décalogue~{}: Tu ne tueras point},
  year      = {1988},
  country   = {pl},
  author    = {Piesiewicz, Krysztof and Kieslowski, Krysztof},
  director  = {Kieslowski, Krysztof},
  publisher = {Chutkowski, Ryszard},
  id        = {DekalogPiec1988}
}


@movie{DieXueShuangXiong1989,
  title     = {Die xue shuang xiong},
  titlefr   = {The Killer},
  year      = {1989},
  country   = {hk},
  author    = {Woo, John},
  director  = {Woo, John},
  publisher = {Hark, Tsui},
  id        = {DieXueShuangXiong1989}
}


@movie{Dogville2003,
  title     = {Dogville},
  titlefr   = {},
  year      = {2003},
  country   = {dk},
  author    = {von Trier, Lars},
  director  = {von Trier, Lars},
  publisher = {Windeløv, Vibeke},
  id        = {Dogville2003}
}


@movie{Dracula1992,
  title     = {Dracula},
  titlefr   = {},
  year      = {1992},
  country   = {us},
  author    = {Stoker, Bram and Hart, James V.},
  director  = {Coppola, Francis Ford},
  publisher = {Coppola, Francis Ford and Fuchs, Fred and Mulvehill, Charles},
  id        = {Dracula1992}
}


@movie{Drive2011,
  title     = {Drive},
  titlefr   = {},
  year      = {2011},
  country   = {us},
  author    = {Sallis, James and Amini, Hossein},
  director  = {Winding Refn, Nicolas},
  publisher = {Litvak , Michel  and Palermo , John and Platt , Marc  and Pritzker , Gigi and Siegel, Adam},
  id        = {Drive2011}
}


@movie{Duel1971,
  title     = {Duel},
  titlefr   = {},
  year      = {1971},
  country   = {us},
  author    = {Matheson, Richard},
  director  = {Spielberg, Steven},
  publisher = {Eckstein, George},
  id        = {Duel1971}
}


@movie{ETTheExtraTerrestrial1982,
  title     = {E.T. the Extra-Terrestrial},
  titlefr   = {E.T. L'Extra-terrestre},
  year      = {1982},
  country   = {us},
  author    = {Mathison, Melissa},
  director  = {Spielberg, Steven},
  publisher = {Kennedy, Kathleen and Spielberg, Steven and Mathison, Melissa},
  id        = {ETTheExtraTerrestrial1982}
}


@movie{EastOfEden1955,
  title     = {East of Eden},
  titlefr   = {À l'Est d'Eden},
  year      = {1955},
  country   = {us},
  author    = {Osborn, Paul and Steinbeck (roman), John},
  director  = {Kazan, Elia},
  publisher = {Kazan, Elia},
  id        = {EastOfEden1955}
}


@movie{EdwardScissorhands1990,
  title     = {Edward Scissorhands},
  titlefr   = {Édouard aux mains d'argent},
  year      = {1990},
  country   = {us},
  author    = {Thompson, Caroline and Burton, Tim},
  director  = {Burton, Tim},
  publisher = {Burton, Tim and Di Novi, Denise},
  id        = {EdwardScissorhands1990}
}


@movie{ErinBrockovich2000,
  title     = {Erin Brockovich},
  titlefr   = {Erin Brockovich, seule contre tous},
  year      = {2000},
  country   = {us},
  author    = {Grant, Susannah},
  director  = {Soderbergh, Steven},
  publisher = {DeVito, Danny and Shamberg, Michael and Sher, Stacey},
  id        = {ErinBrockovich2000}
}


@movie{EternalSunshineOfTheSpotlessMind2004,
  title     = {Eternal Sunshine of The Spotless Mind},
  titlefr   = {},
  year      = {2004},
  country   = {us},
  author    = {Kaufman, Charlie and Gondry, Michel and Bismuth, Pierre},
  director  = {Gondry, Michel},
  publisher = {Bregman, Anthony and Golin, Steve},
  id        = {EternalSunshineOfTheSpotlessMind2004}
}


@movie{Everest2015,
  title     = {Everest},
  titlefr   = {},
  year      = {2015},
  country   = {en, us, is},
  author    = {Nicholson, William and Beaufoy, Simon and Krakauer, Jon},
  director  = {Kormákur, Baltasar},
  publisher = {Kentish Barnes, Nicky and Bevan, Tim and Fellner, Eric and Kormákur, Baltasar and Oliver, Brian and Thompson, Tyler},
  id        = {Everest2015}
}


@movie{EyesWideShut1999,
  title     = {Eyes Wide Shut},
  titlefr   = {},
  year      = {1999},
  country   = {en},
  author    = {Schnitzler, Arthur and Kubrick, Stanley},
  director  = {Kubrick, Stanley},
  publisher = {Kubrick, Stanley},
  id        = {EyesWideShut1999}
}


@movie{FantasticVoyage1966,
  title     = {Fantastic Voyage},
  titlefr   = {Le Voyage fantastique},
  year      = {1966},
  country   = {us},
  author    = {Kleiner, Harry and Duncan, David and Klement, Otto and Bixby, Jerome},
  director  = {Fleischer, Richard},
  publisher = {David, Saul},
  id        = {FantasticVoyage1966}
}


@movie{FindingNemo2003,
  title     = {Finding Nemo},
  titlefr   = {Le Monde de Némo},
  year      = {2003},
  country   = {us},
  author    = {Stanton, Andrew and Peterson, Bob and Reynolds, David},
  director  = {Unkrich, Lee and Stanton, Andrew},
  publisher = {Walters, Graham},
  id        = {FindingNemo2003}
}


@movie{FirstBlood1982,
  title     = {First Blood},
  titlefr   = {Rambo},
  year      = {1982},
  country   = {us},
  author    = {Morrell, David and Kozoll, Michael and Sackheim, William and Stallone, Sylvester},
  director  = {Kotcheff, Ted},
  publisher = {Feitshans, Buzz},
  id        = {FirstBlood1982}
}


@movie{ForWhomTheBellTolls1943,
  title     = {For Whom the Bell Tolls},
  titlefr   = {Pour qui sonne le glas~{}?},
  year      = {1943},
  country   = {us},
  author    = {Hemingway, Ernest and Nichols, Dudley},
  director  = {Wood, Sam},
  publisher = {Wood, Sam},
  id        = {ForWhomTheBellTolls1943}
}


@movie{ForceMajeure1989,
  title     = {Force majeure},
  titlefr   = {},
  year      = {1989},
  country   = {fr},
  author    = {Schatzky, Olivier and Jolivet, Pierre},
  director  = {Jolivet, Pierre},
  publisher = {Claudon, Paul and de Broca, Michelle},
  id        = {ForceMajeure1989}
}


@movie{ForrestGump1994,
  title     = {Forrest Gump},
  titlefr   = {},
  year      = {1994},
  country   = {us},
  author    = {Groom, Winston and Roth, Eric},
  director  = {Zemeckis, Robert},
  publisher = {Finerman , Wendy and Starkey , Steve and Tisch, Steve},
  id        = {ForrestGump1994}
}


@movie{FourWeddingsAndAFuneral1994,
  title     = {Four Weddings and a Funeral},
  titlefr   = {Quatre mariages et un enterrement},
  year      = {1994},
  country   = {en},
  author    = {Curtis, Richard},
  director  = {Newell, Mike},
  publisher = {Kenworthy, Duncan},
  id        = {FourWeddingsAndAFuneral1994}
}


@movie{Frequency2000,
  title     = {Frequency},
  titlefr   = {Fréquence interdite},
  year      = {2000},
  country   = {us},
  author    = {Emmerich, Toby},
  director  = {Hoblit, Gregory},
  publisher = {Carraro, Bill and Emmerich, Toby and Hoblit, Gregory and Koch, Hawk},
  id        = {Frequency2000}
}


@movie{GoodMorningVietnam1987,
  title     = {Good Morning, Vietnam},
  titlefr   = {},
  year      = {1987},
  country   = {us},
  author    = {Markowitz, Mitch},
  director  = {Levinson, Barry},
  publisher = {Brezner, Larry and Johnson, Mark},
  id        = {GoodMorningVietnam1987}
}


@movie{GoodWillHunting1997,
  title     = {Good Will Hunting},
  titlefr   = {Will Hunting},
  year      = {1997},
  country   = {us},
  author    = {Damon, Matt and Affleck, Ben},
  director  = {Van Sant, Gus},
  publisher = {Bender, Lawrence},
  id        = {GoodWillHunting1997}
}


@movie{Goodfellas1990,
  title     = {Goodfellas},
  titlefr   = {Les Affranchis},
  year      = {1990},
  country   = {us},
  author    = {Pileggi, Nicholas and Scorsese, Martin},
  director  = {Scorsese, Martin},
  publisher = {Winkler, Irwin},
  id        = {Goodfellas1990}
}


@movie{GroundhogDay1993,
  title     = {Groundhog Day},
  titlefr   = {Un Jour sans fin},
  year      = {1993},
  country   = {us},
  author    = {Rubin, Danny and Ramis, Harold},
  director  = {Ramis, Harold},
  publisher = {Albert, Trevor and Ramis, Harold},
  id        = {GroundhogDay1993}
}


@movie{Heat1995,
  title     = {Heat},
  titlefr   = {},
  year      = {1995},
  country   = {us},
  author    = {Mann, Michael},
  director  = {Mann, Michael},
  publisher = {},
  id        = {Heat1995}
}


@movie{Her2013,
  title     = {Her},
  titlefr   = {},
  year      = {2013},
  country   = {us},
  author    = {Jonze, Spike},
  director  = {Jonze, Spike},
  publisher = {Markey, Patrick and Redford, Robert},
  id        = {Her2013}
}


@movie{HerosMalgreLui1992,
  title     = {Hero},
  titlefr   = {Héros malgré lui},
  year      = {1992},
  country   = {us},
  author    = {Ziskin, Laura and Sargent, Alvin and Peoples, David Webb},
  director  = {Frears, Stephen},
  publisher = {Ziskin, Laura},
  id        = {HerosMalgreLui1992}
}


@movie{HomeAlone1990,
  title     = {Home Alone},
  titlefr   = {Maman j'ai raté l'avion},
  year      = {1990},
  country   = {us},
  author    = {Hughes, John},
  director  = {Columbus, Chris},
  publisher = {Hughes, John},
  id        = {HomeAlone1990}
}


@movie{HouseOfCards2013,
  title     = {House of Cards, Chapter 1},
  titlefr   = {},
  year      = {2013},
  country   = {us},
  author    = {Dobbs, Michael and Davies, Andrew and Willimon, Beau and Willimon, Beau},
  director  = {Fincher, David},
  publisher = {McCarthy , Karyn and Huff , Keith and Carson, Jay},
  id        = {HouseOfCards2013}
}


@movie{HowToStealAMillion1966,
  title     = {How to Steal a Million},
  titlefr   = {Comment voler un million~{}?},
  year      = {1966},
  country   = {us},
  author    = {Bradshaw, George and Kurnitz, Harry},
  director  = {Wyler, William},
  publisher = {Kohlmar, Fred},
  id        = {HowToStealAMillion1966}
}


@movie{HungerGames2012,
  title     = {Hunger Games},
  titlefr   = {},
  year      = {2012},
  country   = {us},
  author    = {Ross, Gary and Collins , Suzanne and Ray, Billy},
  director  = {Ross, Gary},
  publisher = {Jacobson , Nina and Kilik, Jon},
  id        = {HungerGames2012}
}


@movie{IRobot2004,
  title     = {I, Robot},
  titlefr   = {},
  year      = {2004},
  country   = {us},
  author    = {Asimov, Isaac and Vintar, Jeff and Goldsman , Akiva},
  director  = {Proyas, Alex},
  publisher = {Davis , John and Dow , Topher and Godfrey, Wyck and Mark, Laurence},
  id        = {IRobot2004}
}


@movie{InTheMoodForLove2000,
  title     = {In the Mood for Love},
  titlefr   = {},
  year      = {2000},
  country   = {zh},
  author    = {Wong, Kar-wai},
  director  = {Wong, Kar-wai},
  publisher = {Wong, Kar-wai},
  id        = {InTheMoodForLove2000}
}


@movie{IngloriousBasterds2009,
  title     = {Inglorious Basterds},
  titlefr   = {},
  year      = {2009},
  country   = {us},
  author    = {Tarentino, Quentin},
  director  = {Tarentino, Quentin},
  publisher = {Bender, Lawrence},
  id        = {IngloriousBasterds2009}
}


@movie{InterviewWithTheVampire1994,
  title     = {Interview with the vampire},
  titlefr   = {Entretien avec un vampire},
  year      = {1994},
  country   = {us},
  author    = {Rice, Anne},
  director  = {Jordan, Neil},
  publisher = {Geffen, David and Woolley, Stephen},
  id        = {InterviewWithTheVampire1994}
}


@movie{Irreversible2002,
  title     = {Irréversible},
  titlefr   = {},
  year      = {2002},
  country   = {fr},
  author    = {Noé, Gaspar},
  director  = {Noé, Gaspar},
  publisher = {Rossignon, Christophe},
  id        = {Irreversible2002}
}


@movie{JMeSensPasBelle2004,
  title     = {J'me sens pas belle},
  titlefr   = {},
  year      = {2004},
  country   = {fr},
  author    = {Jeanjean, Bernard},
  director  = {Jeanjean, Bernard},
  publisher = {Adrian, Caroline and Goldstein, Fabrice and Rein, Antoine},
  id        = {JMeSensPasBelle2004}
}


@movie{Jaws1975,
  title     = {Jaws},
  titlefr   = {Les Dents de la mer},
  year      = {1975},
  country   = {us},
  author    = {Benchley, Peter and Gottlieb, Carl},
  director  = {Spielberg, Steven},
  publisher = {Zanuck, Richard D. and Brown, David},
  id        = {Jaws1975}
}


@movie{JupiterAscending2015,
  title     = {Jupiter Ascending},
  titlefr   = {Jupiter : Le destin de l’univers},
  year      = {2015},
  country   = {us},
  author    = {Wachowski, Andy and Wachowski, Lana},
  director  = {Wachowski, Lana and Wachowski, Andy},
  publisher = {Wachowski, Andy and Wachowski, Lana and Hill, Grant},
  id        = {JupiterAscending2015}
}


@movie{JurassicPark1993,
  title     = {Jurassic Park},
  titlefr   = {},
  year      = {1993},
  country   = {us},
  author    = {Crichton, Michael and Koepp, David},
  director  = {Spielberg, Steven},
  publisher = {Kennedy, Kathleen and Molen, Gerald R.},
  id        = {JurassicPark1993}
}


@movie{Kyanq1993,
  title     = {Kyanq},
  titlefr   = {Vie},
  year      = {1993},
  country   = {hy},
  author    = {Peleshian, Artavazd},
  director  = {Peleshian, Artavazd},
  publisher = {Peleshian, Artavazd},
  id        = {Kyanq1993}
}


@movie{LarmeeDuCrime2009,
  title     = {L'Armée du crime},
  titlefr   = {},
  year      = {2009},
  country   = {fr},
  author    = {Le Péron, Serge and Taurand, Gilles},
  director  = {Guédiguian, Robert},
  publisher = {Barneaud, Dominique},
  id        = {LarmeeDuCrime2009}
}


@movie{LEteEnPenteDouce1987,
  title     = {L'Été en pente douce},
  titlefr   = {},
  year      = {1987},
  country   = {fr},
  author    = {Pelot, Pierre and Krawczyk, Gérard},
  director  = {Krawczyk, Gérard},
  publisher = {Grenet, Bernard and Hommais, Pascal and Lepetit, Jean-François},
  id        = {LEteEnPenteDouce1987}
}


@movie{LaFemmeDefendue1997,
  title     = {La Femme défendue},
  titlefr   = {},
  year      = {1997},
  country   = {fr},
  author    = {Harel, Philippe and Assous, Eric},
  director  = {Harel, Philippe},
  publisher = {Guilloux, Michel},
  id        = {LaFemmeDefendue1997}
}


@movie{LaLeconDePiano1993,
  title     = {La Leçon de piano},
  titlefr   = {La Leçon de piano},
  year      = {1993},
  country   = {fr, au, nz},
  author    = {Campion, Jane},
  director  = {Campion, Jane},
  publisher = {Chapman, Jan},
  id        = {LaLeconDePiano1993}
}


@movie{LaNuitAmericaine1973,
  title     = {La Nuit américaine},
  titlefr   = {},
  year      = {1973},
  country   = {fr},
  author    = {Schiffman, Suzanne and Richard, Jean-Louis and Truffaut, François},
  director  = {Truffaut, François},
  publisher = {Berbert, Marcel},
  id        = {LaNuitAmericaine1973}
}


@movie{LaRegleDuJeu1939,
  title     = {La Règle du jeu},
  titlefr   = {},
  year      = {1939},
  country   = {fr},
  author    = {Renoir, Jean and Koch, Carl},
  director  = {Renoir, Jean},
  publisher = {Renoir, Jean},
  id        = {LaRegleDuJeu1939}
}


@movie{LawrenceOfArabia1962,
  title     = {Lawrence of Arabia},
  titlefr   = {Laurence d'Arabie},
  year      = {1962},
  country   = {en},
  author    = {Lawrence, T.E. and Bolt, Robert and Wilson, Michael},
  director  = {Lean, David},
  publisher = {Harris, Robert A. and Spiegel, Sam},
  id        = {LawrenceOfArabia1962}
}


@movie{LeBossu1960,
  title     = {Le Bossu},
  titlefr   = {},
  year      = {1960},
  country   = {fr},
  author    = {Féval, Paul and Foucaud, Pierre and Halain, Jean and Hunebelle, André},
  director  = {Hunebelle, André},
  publisher = {Cadéac, Paul},
  id        = {LeBossu1960}
}


@movie{LeCercleRouge1970,
  title     = {Le Cercle rouge},
  titlefr   = {},
  year      = {1970},
  country   = {fr},
  author    = {Melville, Jean-Pierre},
  director  = {Melville, Jean-Pierre},
  publisher = {Dorfmann, Robert},
  id        = {LeCercleRouge1970}
}


@movie{LeCorniaud1965,
  title     = {Le Corniaud},
  titlefr   = {},
  year      = {1965},
  country   = {fr},
  author    = {Jullian, Marcel and Oury, Gérard and Tabet, André and Tabet, Georges},
  director  = {Oury, Gérard},
  publisher = {Laplanche, Yves and Provenzale, Enzo},
  id        = {LeCorniaud1965}
}


@movie{LeDernierPourLaRoute2009,
  title     = {Le Dernier pour la route},
  titlefr   = {},
  year      = {2009},
  country   = {fr},
  author    = {Chabalier, Hervé and Godeau, Philippe},
  director  = {Godeau, Philippe},
  publisher = {Godeau, Philippe},
  id        = {LeDernierPourLaRoute2009}
}


@movie{LeDinerDeCons1998,
  title     = {Le Diner de cons},
  titlefr   = {},
  year      = {1998},
  country   = {fr},
  author    = {Veber, Francis},
  director  = {Veber, Francis},
  publisher = {Poiré, Alain},
  id        = {LeDinerDeCons1998}
}


@movie{LeFabuleuxDestinDameliePoulain2001,
  title     = {Le Fabuleux destin d'Amélie Poulain},
  titlefr   = {},
  year      = {2001},
  country   = {fr},
  author    = {Laurant, Guillaume and Jeunet, Jean-Pierre},
  director  = {Jeunet, Jean-Pierre},
  publisher = {Deschamps, Jean-Marc},
  id        = {LeFabuleuxDestinDameliePoulain2001}
}


@movie{LeGrandBleu1988,
  title     = {Le Grand bleu},
  titlefr   = {},
  year      = {1988},
  country   = {fr, us, it},
  author    = {Besson, Luc and Garland, Robert and Goldin, Marilyn and Mayol, Jacques and Perrier, Marc},
  director  = {Besson, Luc},
  publisher = {Ledoux, Patrice},
  id        = {LeGrandBleu1988}
}


@movie{LeMiroirADeuxFaces1958,
  title     = {Le Miroir à deux faces},
  titlefr   = {},
  year      = {1958},
  country   = {fr, it},
  author    = {Cayatte, André and Meckert, Jean and Oury, Gérard and Perret, Denis},
  director  = {Cayatte, André},
  publisher = {Poiré, Alain and Deutschmeister, Henry},
  id        = {LeMiroirADeuxFaces1958}
}


@movie{LePacteDesLoups2001,
  title     = {Le Pacte des loups},
  titlefr   = {},
  year      = {2001},
  country   = {fr},
  author    = {Cabel, Stéphane and Gans, Christophe},
  director  = {Gans, Christophe},
  publisher = {Grandpierre, Richard and Hadida, Samuel},
  id        = {LePacteDesLoups2001}
}


@movie{LePianiste2002,
  title     = {Le Pianiste},
  titlefr   = {},
  year      = {2002},
  country   = {fr, pl, de, en},
  author    = {Szpilman, Wladyslaw and Harwood, Ronald},
  director  = {Polanski, Roman},
  publisher = {Benmussa, Robert and Polanski, Roman},
  id        = {LePianiste2002}
}


@movie{LeProfessionnel1981,
  title     = {Le Professionnel},
  titlefr   = {},
  year      = {1981},
  country   = {fr},
  author    = {Alexander, Patrick and Audiard, Michel and Lautner, Georges},
  director  = {Lautner, Georges},
  publisher = {Belmondo, Alain},
  id        = {LeProfessionnel1981}
}


@movie{LeVerdict1974,
  title     = {Le Verdict},
  titlefr   = {},
  year      = {1974},
  country   = {fr},
  author    = {Andréota, Paul and Cayatte, André and Coupon, Henri and Dumayet, Pierre},
  director  = {Cayatte, André},
  publisher = {Ponti, Carlo},
  id        = {LeVerdict1974}
}


@movie{LesEnfantsDuMarais1999,
  title     = {Les Enfants du marais},
  titlefr   = {},
  year      = {1999},
  country   = {fr},
  author    = {Montforez, Georges and Japrisot, Sébastien},
  director  = {Becker, Jean},
  publisher = {Fechner, Christian and Truffaut, Hervé},
  id        = {LesEnfantsDuMarais1999}
}


@movie{LesMalheursDAlfred1972,
  title     = {Les Malheurs d'Alfred},
  titlefr   = {},
  year      = {1972},
  country   = {fr},
  author    = {Richard, Pierre and Robert, Yves and Ruellan, André and Topor, Roland},
  director  = {Richard, Pierre},
  publisher = {Poiré, Alain and Robert, Yves},
  id        = {LesMalheursDAlfred1972}
}


@movie{LesUnsEtLesAutres1981,
  title     = {Les Uns et les autres},
  titlefr   = {},
  year      = {1981},
  country   = {fr},
  author    = {Lelouche, Claude},
  director  = {Lelouche, Claude},
  publisher = {Lelouch, Claude},
  id        = {LesUnsEtLesAutres1981}
}


@movie{LittleMissSunshine2006,
  title     = {Little Miss Sunshine},
  titlefr   = {},
  year      = {2006},
  country   = {us},
  author    = {Arndt, Michael},
  director  = {Dayton, Jonathan and Faris, Valerie},
  publisher = {Berger, Albert and Friendly, David T. and Sharaf, Peter and Turtletaub, Marc and Yerxa, Ron},
  id        = {LittleMissSunshine2006}
}


@movie{LordOfTheRings2001,
  title     = {Lord Of The Rings},
  titlefr   = {Le Seigneur des anneaux},
  year      = {2001},
  country   = {us},
  author    = {Tolkien, J.R.R. and Walsh, Fran and Boyens, Philippa and Jackson, Peter},
  director  = {Jackson, Peter},
  publisher = {Jackson, Peter and Osborne, Barrie M. and Sanders, Tim and Walsh, Fran},
  id        = {LordOfTheRings2001}
}


@movie{LostHighway1997,
  title     = {Lost Highway},
  titlefr   = {},
  year      = {1997},
  country   = {us},
  author    = {Lynch, David and Gifford, Barry},
  director  = {Lynch, David},
  publisher = {Nayar, Deepak and Sternberg, Tom and Sweeney, Mary},
  id        = {LostHighway1997}
}


@movie{LucieAubrac1999,
  title     = {Lucie Aubrac},
  titlefr   = {},
  year      = {1999},
  country   = {fr},
  author    = {Aubrac, Lucie and Berry, Claude},
  director  = {Berry, Claude},
  publisher = {Berry, Claude and Grunstein, Pierre},
  id        = {LucieAubrac1999}
}


@movie{Leon1994,
  title     = {Léon},
  titlefr   = {},
  year      = {1994},
  country   = {fr},
  author    = {Besson, Luc},
  director  = {Besson, Luc},
  publisher = {Ledoux, Patrick and Besson, Luc and Besson, Claude},
  id        = {Leon1994}
}


@movie{Madeo2009,
  title     = {Madeo},
  titlefr   = {Mother},
  year      = {2009},
  country   = {ko},
  author    = {Bong, Joon-ho and Park, Eun-kyo},
  director  = {Bong, Joon-ho},
  publisher = {Moon, Yang-kwon and Park, Tae-joon and Seo, Woo-sik},
  id        = {Madeo2009}
}


@movie{Magnolia1999,
  title     = {Magnolia},
  titlefr   = {},
  year      = {1999},
  country   = {us},
  author    = {Anderson, Paul Thomas},
  director  = {Anderson, Paul Thomas},
  publisher = {Anderson , Paul Thomas and Sellar, JoAnne},
  id        = {Magnolia1999}
}


@movie{MariasLovers1984,
  title     = {Maria’s Lovers},
  titlefr   = {},
  year      = {1984},
  country   = {us},
  author    = {Brach, Gérard and Konchalovskiy, Andrey and Zindel, Paul and David, Marjorie},
  director  = {Konchalovskiy, Andrey},
  publisher = {Djordjevic, Bosko and Taylor-Mortoff, Lawrence},
  id        = {MariasLovers1984}
}


@movie{Marius1931,
  title     = {Marius},
  titlefr   = {},
  year      = {1931},
  country   = {fr},
  author    = {Pagnol, Marcel},
  director  = {Korda, Alexander and Pagnol, Marcel},
  publisher = {Kane, Robert and Pagnol, Marcel},
  id        = {Marius1931}
}


@movie{MarvinsRoom1996,
  title     = {Marvin’s Room},
  titlefr   = {},
  year      = {1996},
  country   = {us},
  author    = {McPherson, Scott and McPherson, Scott},
  director  = {Zaks, Jerry},
  publisher = {Rosenthal, Jane and Rudin, Scott and De Niro, Robert},
  id        = {MarvinsRoom1996}
}


@movie{Matrix1999,
  title     = {Matrix},
  titlefr   = {},
  year      = {1999},
  country   = {us},
  author    = {Wachowski,, Lilly and Wachowski, Lana},
  director  = {Wachowski, Lana and Wachowski,  Lilly},
  publisher = {Silver, Joel},
  id        = {Matrix1999}
}


@movie{MauvaisesFrequentations1999,
  title     = {Mauvaises fréquentations},
  titlefr   = {},
  year      = {1999},
  country   = {fr},
  author    = {Layrac, Alain},
  director  = {Améris, Jean-Pierre},
  publisher = {Sarde, Alain and Godeau, Philippe},
  id        = {MauvaisesFrequentations1999}
}


@movie{Melancholia2011,
  title     = {Melancholia},
  titlefr   = {},
  year      = {2011},
  country   = {da, sw, fr, en},
  author    = {Von Trier, Lars},
  director  = {Von Trier, Lars},
  publisher = {Foldager, Meta Louise and Vesth, Louise},
  id        = {Melancholia2011}
}


@movie{Memento2000,
  title     = {Memento},
  titlefr   = {},
  year      = {2000},
  country   = {us},
  author    = {Nolan, Jonathan and Nolan, Christopher},
  director  = {Nolan, Christopher},
  publisher = {Todd, Jennifer and Todd, Suzanne},
  id        = {Memento2000}
}


@movie{Metropolis1927,
  title     = {Metropolis},
  titlefr   = {Métropolis},
  year      = {1927},
  country   = {de},
  author    = {Von Harbou, Thea and Lang, Fritz},
  director  = {Lang, Fritz},
  publisher = {Pommer, Erich and Moroder (restauration de 1984), Giorgio},
  id        = {Metropolis1927}
}


@movie{MicrocosmosLePeupleDeLHerbe1996,
  title     = {Microcosmos, le peuple de l'herbe},
  titlefr   = {},
  year      = {1996},
  country   = {fr, ch, it},
  author    = {Nuridsany, Claude and Pérennou, Marie},
  director  = {Nuridsany, Claude and Pérennou, Marie},
  publisher = {Barratier, Christophe and Mallet, Yvette and Perrin Jacques, },
  id        = {MicrocosmosLePeupleDeLHerbe1996}
}


@movie{MidnightExpress1978,
  title     = {Midnight Express},
  titlefr   = {},
  year      = {1978},
  country   = {en},
  author    = {Hayes, Billy and Hoffer, William and Stone, Oliver},
  director  = {Parker, Alan},
  publisher = {Marshall, Alan and Puttman, David},
  id        = {MidnightExpress1978}
}


@movie{MillionDollarBaby2004,
  title     = {Million Dollar Baby},
  titlefr   = {},
  year      = {2004},
  country   = {us},
  author    = {Tool, F.X. and Haggins, Paul},
  director  = {Eastwood, Clint},
  publisher = {Rosenberg, Tom and S. ruddy, Albert and Haggins, Paul and Eastwood, Clint},
  id        = {MillionDollarBaby2004}
}


@movie{MinorityReport2002,
  title     = {Minority Report},
  titlefr   = {},
  year      = {2002},
  country   = {us},
  author    = {Dick, Philip K. and Frank, Scott and Cohen, Jon},
  director  = {Spielberg, Steven},
  publisher = {de Bont, Jan and Curtis, Bonnie and Molen, Gerald R. and Parkes, Walter F.},
  id        = {MinorityReport2002}
}


@movie{Misery1990,
  title     = {Misery},
  titlefr   = {},
  year      = {1990},
  country   = {us},
  author    = {King, Stephen and Goldman, William},
  director  = {Reiner, Rob},
  publisher = {Reiner , Rob and Scheinman, Andrew},
  id        = {Misery1990}
}


@movie{ModernTimes1936,
  title     = {Modern Times},
  titlefr   = {Les Temps modernes},
  year      = {1936},
  country   = {us},
  author    = {Chaplin, Charles},
  director  = {Chaplin, Charles},
  publisher = {Chaplin, Charles},
  id        = {ModernTimes1936}
}


@movie{MonstersInc2001,
  title     = {Monsters, inc.},
  titlefr   = {Monstres et cie},
  year      = {2001},
  country   = {us},
  author    = {Docter, Pete and Culton, Jill and Pidgeon, Jeff and Eggleston, Ralph},
  director  = {Docter, Pete and Silverman, David and Unkrich, Lee},
  publisher = {Anderson, Darla K.},
  id        = {MonstersInc2001}
}


@movie{MorteAVenezia1971,
  title     = {Morte a Venezia},
  titlefr   = {Mort à Venise},
  year      = {1971},
  country   = {it, fr},
  author    = {Mann, Thomas and Visconti, Luchino and Badalucco, Nicola},
  director  = {Visconti, Luchino},
  publisher = {Visconti, Luchino},
  id        = {MorteAVenezia1971}
}


@movie{MortelleRandonnee1983,
  title     = {Mortelle Randonnée},
  titlefr   = {},
  year      = {1983},
  country   = {fr},
  author    = {Behm, Marc and Audiard, Michel and Audiard, Jacques},
  director  = {Miller, Claude},
  publisher = {Gassot, Charles and Grenet, Bernard},
  id        = {MortelleRandonnee1983}
}


@movie{MoulinRouge2001,
  title     = {Moulin rouge !},
  titlefr   = {Moulin rouge !},
  year      = {2001},
  country   = {au},
  author    = {Luhrmann, Baz and Pearce, Craig},
  director  = {Luhrmann, Baz},
  publisher = {Baron, Fred and Brown, Martin and Luhrmann, Baz},
  id        = {MoulinRouge2001}
}


@movie{MulhollandDr2001,
  title     = {Mulholland Dr.},
  titlefr   = {Mulholland Drive},
  year      = {2001},
  country   = {fr, us},
  author    = {Lynch, David},
  director  = {Lynch, David},
  publisher = {Edelstein, Neal and Krantz, Tony and Polaire, Michael and Sarde, Alain and Sweeney, Mary},
  id        = {MulhollandDr2001}
}


@movie{NaturalBornKillers1994,
  title     = {Natural Born Killers},
  titlefr   = {},
  year      = {1994},
  country   = {us},
  author    = {Tarantino, Quentin and Veloz, David and Rutowski, Richard and Stone, Oliver},
  director  = {Stone, Oliver},
  publisher = {Hamsher, Jane and Murphy, Don and Townsend, Clayton},
  id        = {NaturalBornKillers1994}
}


@movie{NettoyageASec1997,
  title     = {Nettoyage à sec},
  titlefr   = {},
  year      = {1997},
  country   = {fr, es},
  author    = {Taurand, Gilles and Fontaine, Anne},
  director  = {Fontaine, Anne},
  publisher = {Sarde, Alain and Carcassonne, Philippe},
  id        = {NettoyageASec1997}
}


@movie{Noah2014,
  title     = {Noah},
  titlefr   = {Noé},
  year      = {2014},
  country   = {us},
  author    = {Aronofsky, Darren and Handel, Ari},
  director  = {Aronofsky, Darren},
  publisher = {Aronofsky, Darren and Franklin, Scott and Milchan, Arnon and Parent, Mary},
  id        = {Noah2014}
}


@movie{NorthByNorthwest1959,
  title     = {North by Northwest},
  titlefr   = {La Mort aux trousses},
  year      = {1959},
  country   = {us},
  author    = {Lehman, Ernest},
  director  = {Hitchcock, Alfred},
  publisher = {Hitchcock, Alfred and Coleman, Herbert},
  id        = {NorthByNorthwest1959}
}


@movie{NotreHistoire1984,
  title     = {Notre Histoire},
  titlefr   = {},
  year      = {1984},
  country   = {fr},
  author    = {Blier, Bertrand},
  director  = {Blier, Bertrand},
  publisher = {Sarde, Alain},
  id        = {NotreHistoire1984}
}


@movie{OrdinaryPeople1980,
  title     = {Ordinary People},
  titlefr   = {Des gens comme les autres},
  year      = {1980},
  country   = {us},
  author    = {Guest, Judith and Sargent, Alvin},
  director  = {Redford, Robert},
  publisher = {Schwary, Ronald L.},
  id        = {OrdinaryPeople1980}
}


@movie{OutOfAfrica1985,
  title     = {Out of Africa},
  titlefr   = {Out of Africa, souvenirs d'Afrique},
  year      = {1985},
  country   = {us},
  author    = {Blixen, Karen and Thurman, Judith and Trzebinski, Errol and Luedtke, Kurt},
  director  = {Pollack, Sydney},
  publisher = {Pollack, Sydney},
  id        = {OutOfAfrica1985}
}


@movie{Papillon1973,
  title     = {Papillon},
  titlefr   = {},
  year      = {1973},
  country   = {us},
  author    = {Charrière, Henri and Trumbo, Dalton and Semple Jr., Lorenzo},
  director  = {Schaffner, Franklin J.},
  publisher = {Dorfmann, Robert and Schaffner, Franklin J. and Wolf, Emanuel L.},
  id        = {Papillon1973}
}


@movie{PayItForward2000,
  title     = {Pay It Forward},
  titlefr   = {Un Monde meilleur},
  year      = {2000},
  country   = {us},
  author    = {Ryan Hyde, Catherine and Dixon, Leslie},
  director  = {Leder, Mimi},
  publisher = {Abrams, Peter and Levy, Robert L. and Reuther, Steven},
  id        = {PayItForward2000}
}


@movie{Payback1999,
  title     = {Payback},
  titlefr   = {},
  year      = {1999},
  country   = {us},
  author    = {E. Westlake, Donald and Helgeland, Brian and Hayes, Terry},
  director  = {Helgeland, Brian},
  publisher = {Davey, Bruce},
  id        = {Payback1999}
}


@movie{Pickpocket1959,
  title     = {Pickpocket},
  titlefr   = {},
  year      = {1959},
  country   = {fr},
  author    = {Bresson, Robert},
  director  = {Bresson, Robert},
  publisher = {Delahaie, Agnès},
  id        = {Pickpocket1959}
}


@movie{Precious2009,
  title     = {Precious},
  titlefr   = {},
  year      = {2009},
  country   = {us},
  author    = {Fletcher, Geoffrey and , Sapphire,},
  director  = {Daniels, Lee},
  publisher = {Daniels,, Lee and Magness, Gary},
  id        = {Precious2009}
}


@movie{PresumedInnocent1990,
  title     = {Presumed Innocent},
  titlefr   = {Présumé innocent},
  year      = {1990},
  country   = {us},
  author    = {Turow, Scott and Pierson, Franck and Pakula, Alan J.},
  director  = {Pakula, Alan J.},
  publisher = {Pollack, Sydney and Rosenberg, Mark},
  id        = {PresumedInnocent1990}
}


@movie{PrettyWoman1990,
  title     = {Pretty Woman},
  titlefr   = {},
  year      = {1990},
  country   = {us},
  author    = {Lawton, J.F.},
  director  = {Marshall, Garry},
  publisher = {Arnon, Milchan and Reuther, Steven},
  id        = {PrettyWoman1990}
}


@movie{PrimalFear1996,
  title     = {Primal Fear},
  titlefr   = {Peur primale},
  year      = {1996},
  country   = {us},
  author    = {Diehl, William and Shagan, Steve and Biderman, Ann},
  director  = {Hoblit, Gregory},
  publisher = {Lucchesi, Gary and McMinn, Robert},
  id        = {PrimalFear1996}
}


@movie{PulpFiction1994,
  title     = {Pulp Fiction},
  titlefr   = {},
  year      = {1994},
  country   = {us},
  author    = {Tarentino, Quentin and Avary, Roger},
  director  = {Tarentino, Quentin},
  publisher = {Bender, Lawrence},
  id        = {PulpFiction1994}
}


@movie{RainMan1988,
  title     = {Rain Man},
  titlefr   = {},
  year      = {1988},
  country   = {us},
  author    = {Morrow, Barry and Bass, Ronald},
  director  = {Levinson, Barry},
  publisher = {Johnson, Mark},
  id        = {RainMan1988}
}


@movie{RearWindow1954,
  title     = {Rear Window},
  titlefr   = {Fenêtre sur cour},
  year      = {1954},
  country   = {us},
  author    = {Woolrich, Cornell and Hayes, John Michael},
  director  = {Hitchcock, Alfred},
  publisher = {Hitchcock, Alfred},
  id        = {RearWindow1954}
}


@movie{RegardingHenri1991,
  title     = {Regarding Henri},
  titlefr   = {À propos d'Henri},
  year      = {1991},
  country   = {us},
  author    = {Abrams, J.J.},
  director  = {Nichols, Mike},
  publisher = {Nichols, Mike and Rudin, Scott},
  id        = {RegardingHenri1991}
}


@movie{RequiemForADream2000,
  title     = {Requiem for a dream},
  titlefr   = {},
  year      = {2000},
  country   = {us},
  author    = {Selby Jr., Hubert and Aronofsky, Darren},
  director  = {Aronofsky, Darren},
  publisher = {Watson, Eric and West, Palmer},
  id        = {RequiemForADream2000}
}


@movie{ReservoirDog1992,
  title     = {Reservoir Dogs},
  titlefr   = {},
  year      = {1992},
  country   = {us},
  author    = {Tarantino, Quentin and Avary, Roger},
  director  = {Tarantino, Quentin},
  publisher = {Bender, Lawrence},
  id        = {ReservoirDog1992}
}


@movie{RoadToPerdition2002,
  title     = {Road to Perdition},
  titlefr   = {Les Chemins de la perdition},
  year      = {2002},
  country   = {us},
  author    = {Self, David and Collins, Max Allan and Rayner, Richard Piers and , ,},
  director  = {Mendes, Sam},
  publisher = {Zanuck, Richard D. and Zanuck, Dean and Mendes, Sam},
  id        = {RoadToPerdition2002}
}


@movie{Robots2005,
  title     = {Robots},
  titlefr   = {},
  year      = {2005},
  country   = {us},
  author    = {Mita, Ron and McClain, Jim and Lindsay-Abaire, David and Ganz, Lowell and Mandel, Babaloo},
  director  = {Wedge, Chris and Saldanha, Carlos},
  publisher = {Davis, Jerry and Donkin, John C. and Joyce, William},
  id        = {Robots2005}
}


@movie{Rocky1976,
  title     = {Rocky},
  titlefr   = {},
  year      = {1976},
  country   = {us},
  author    = {Stallone, Sylvester},
  director  = {Avildsen, John G.},
  publisher = {Chartoff, Robert and Winkler, Irwin},
  id        = {Rocky1976}
}


@movie{Rosetta1999,
  title     = {Rosetta},
  titlefr   = {},
  year      = {1999},
  country   = {fr, be},
  author    = {Dardenne, Jean-Pierre and Dardenne, Luc},
  director  = {Dardenne, Jean-Pierre and Dardenne, Luc},
  publisher = {Dardenne, Jean-Pierre and Dardenne, Luc and Pétin, Laurent and Pétin, Michèle},
  id        = {Rosetta1999}
}


@movie{Rubber2010,
  title     = {Rubber},
  titlefr   = {},
  year      = {2010},
  country   = {fr},
  author    = {Dupieux, Quentin},
  director  = {Dupieux, Quentin},
  publisher = {Berlan , Julien and Bernard, Gregory},
  id        = {Rubber2010}
}


@movie{SavingPrivateRyan1998,
  title     = {Saving Private Ryan},
  titlefr   = {Il faut sauver le soldat Ryan},
  year      = {1998},
  country   = {us},
  author    = {Rodat, Robert},
  director  = {Steven, Spielberg},
  publisher = {Bryce, Ian and Gordon, Mark and Levinsohn, Gary and Spielberg, Steven},
  id        = {SavingPrivateRyan1998}
}


@movie{Seabiscuit2003,
  title     = {Seabiscuit},
  titlefr   = {Pur sang, la légende de Seabiscuit},
  year      = {2003},
  country   = {us},
  author    = {Hillenbrand, Laura and Ross, Gary},
  director  = {Ross, Gary},
  publisher = {Kennedy, Kathleen and Marshall, Frank and Ross, Gary and Sindell, Jane},
  id        = {Seabiscuit2003}
}


@movie{Seven1995,
  title     = {Seven},
  titlefr   = {},
  year      = {1995},
  country   = {us},
  author    = {Walker, Andrew Kevin},
  director  = {Fincher, David},
  publisher = {Carlyle, Phyllis and Kopelson, Arnold},
  id        = {Seven1995}
}


@movie{SevenPounds2008,
  title     = {Seven Pounds},
  titlefr   = {Sept vies},
  year      = {2008},
  country   = {us},
  author    = {Nieporte, Grant},
  director  = {Muccino, Gabriele},
  publisher = {Black, Todd and Blumenthal, Jason and Lassiter, James and Smith, Will and Tisch, Steve},
  id        = {SevenPounds2008}
}


@movie{ShichininNoSamurai1954,
  title     = {Shichinin no samurai},
  titlefr   = {Les Sept Samouraïs},
  year      = {1954},
  country   = {jp},
  author    = {Kurosawa, Akira and Hashimoto, Shinobu and Oguni, Hideo},
  director  = {Kurosawa, Akira},
  publisher = {Motoki, Sôjirô},
  id        = {ShichininNoSamurai1954}
}


@movie{ShortCuts1993,
  title     = {Short Cuts},
  titlefr   = {Short Cuts, les Américains},
  year      = {1993},
  country   = {us},
  author    = {Carver, Raymond and Altman, Robert and Barhydt, Frank},
  director  = {Altman, Robert},
  publisher = {Brokaw, Cary},
  id        = {ShortCuts1993}
}


@movie{SibirskiyTsiryulnik1998,
  title     = {Sibirskiy tsiryulnik},
  titlefr   = {Le Barbier de Sibérie},
  year      = {1998},
  country   = {ru, fr, it, cz},
  author    = {Mikhalkov, Nikita and Ibragimbekov, Rustam and Pallenberg, Rospo},
  director  = {Mikhalkov, Nikita},
  publisher = {Seydoux, Michel and Mikhalkov, Nikita},
  id        = {SibirskiyTsiryulnik1998}
}


@movie{SlumdogMillionnaire2008,
  title     = {Slumdog Millionnaire},
  titlefr   = {},
  year      = {2008},
  country   = {en, us},
  author    = {Beaufoy, Simon and Swarup, Vikas},
  director  = {Boyle , Danny and Tandan, Loveleen},
  publisher = {Colson, Christian and Ritchie, Paul},
  id        = {SlumdogMillionnaire2008}
}


@movie{SomeLikeItHot1959,
  title     = {Some Like It Hot},
  titlefr   = {Certains l'aiment chaud},
  year      = {1959},
  country   = {us},
  author    = {Thoeren, Robert and Logan, Michael and Wilder, Billy and Diamond, I.A.L.},
  director  = {Wilder, Billy},
  publisher = {Wilder, Billy},
  id        = {SomeLikeItHot1959}
}


@movie{SpaceCowbows2000,
  title     = {Space Cowbows},
  titlefr   = {},
  year      = {2000},
  country   = {us, au},
  author    = {Kaufman, Ken and Klausner, Howard},
  director  = {Eastwood, Clint},
  publisher = {Eastwood, Clint and Lazar, Andrew and Rooker, Tom},
  id        = {SpaceCowbows2000}
}


@movie{StageBeauty2004,
  title     = {Stage Beauty},
  titlefr   = {},
  year      = {2004},
  country   = {en, us, de},
  author    = {Hatcher, Jeffrey},
  director  = {Eyre, Richard},
  publisher = {De Niro , Robert and Rosenthal , Jane and Justice, Hardy},
  id        = {StageBeauty2004}
}


@movie{StarWars1977,
  title     = {Star Wars},
  titlefr   = {},
  year      = {1977},
  country   = {us},
  author    = {Lucas, George},
  director  = {Lucas, George},
  publisher = {Kurtz, Gary and McCallum, Rick},
  id        = {StarWars1977}
}


@movie{StillAlice2014,
  title     = {Still Alice},
  titlefr   = {},
  year      = {2014},
  country   = {us},
  author    = {Glatzer, Richard and Westmoreland, Wash and Genova, Lisa},
  director  = {Glatzer, Richard and Westmoreland, Wash},
  publisher = {Brown, James and Koffler, Pamela and Lutzus, Lex},
  id        = {StillAlice2014}
}


@movie{SunsetBoulevard1950,
  title     = {Sunset Boulevard},
  titlefr   = {Boulevard du Crépuscule},
  year      = {1950},
  country   = {us},
  author    = {Wilder, Billy and Brackett , Charles and Marshman Jr., D.M.},
  director  = {Wilder, Billy},
  publisher = {Brackett, Charles},
  id        = {SunsetBoulevard1950}
}


@movie{Sunshine2007,
  title     = {Sunshine},
  titlefr   = {},
  year      = {2007},
  country   = {en, us},
  author    = {Garland, Alex},
  director  = {Boyle, Danny},
  publisher = {Macdonald, Andrew},
  id        = {Sunshine2007}
}


@movie{Taken2008,
  title     = {Taken},
  titlefr   = {},
  year      = {2008},
  country   = {fr, us},
  author    = {Besson, Luc and Kamen, Robert Mark},
  director  = {Morel, Pierre},
  publisher = {Besson, Luc},
  id        = {Taken2008}
}


@movie{TaxiDriver1976,
  title     = {Taxi Driver},
  titlefr   = {},
  year      = {1976},
  country   = {us},
  author    = {Schrader, Paul},
  director  = {Scorsese, Martin},
  publisher = {Phillips, Julia and Phillips, Michael},
  id        = {TaxiDriver1976}
}


@movie{TchaoPantin1983,
  title     = {Tchao Pantin},
  titlefr   = {},
  year      = {1983},
  country   = {fr},
  author    = {Page, Alain and Berri, Claude},
  director  = {Berri, Claude},
  publisher = {Grunstein, Pierre},
  id        = {TchaoPantin1983}
}


@movie{TheAfricanQueen1951,
  title     = {The African Queen},
  titlefr   = {},
  year      = {1951},
  country   = {us, en},
  author    = {Forester, C.S. and Agee, James and Huston, John and Viertel, Peter},
  director  = {Huston, John},
  publisher = {Spiegel, Sam and Woolf, John},
  id        = {TheAfricanQueen1951}
}


@movie{TheAndersonTapes1971,
  title     = {The Anderson Tapes},
  titlefr   = {Le Gang Anderson},
  year      = {1971},
  country   = {us},
  author    = {Sanders, Lawrence and Pierson, Frank},
  director  = {Lumet, Sidney},
  publisher = {Weitman, Robert},
  id        = {TheAndersonTapes1971}
}


@movie{TheArtist2011,
  title     = {The Artist},
  titlefr   = {},
  year      = {2011},
  country   = {fr, be, us},
  author    = {Hazanavicius, Michel},
  director  = {Hazanavicius, Michel},
  publisher = {Langmann, Thomas},
  id        = {TheArtist2011}
}


@movie{TheBeach2000,
  title     = {The Beach},
  titlefr   = {La Plage},
  year      = {2000},
  country   = {us, en},
  author    = {Garland, Alex and Hodge, John},
  director  = {Boyle, Danny},
  publisher = {Macdonald, Andrew},
  id        = {TheBeach2000}
}


@movie{TheBigLebowski1998,
  title     = {The Big Lebowski},
  titlefr   = {},
  year      = {1998},
  country   = {us, en},
  author    = {Coen, Ethan and Coen, Joel},
  director  = {Coen, Joel},
  publisher = {Bevan, Tim and Fellner, Eric},
  id        = {TheBigLebowski1998}
}


@movie{TheBourneSupremacy2004,
  title     = {The Bourne Supremacy},
  titlefr   = {La Mort dans la peau},
  year      = {2004},
  country   = {us},
  author    = {Ludlum, Robert and Gilroy, Tony},
  director  = {Greengrass, Paul},
  publisher = {Crowley, Patrick and Marshall, Frank and Sandberg, Paul},
  id        = {TheBourneSupremacy2004}
}


@movie{TheButterflyEffect2004,
  title     = {The Butterfly Effect},
  titlefr   = {L'Effet papillon},
  year      = {2004},
  country   = {us, ca},
  author    = {Gruber, J. Mackye and Bress, Eric},
  director  = {Bress, Eric and Gruber, J. Mackye},
  publisher = {Bender, Chris and Dix, A.J. and Rhulen, Anthony},
  id        = {TheButterflyEffect2004}
}


@movie{TheClient1994,
  title     = {The Client},
  titlefr   = {Le Client},
  year      = {1994},
  country   = {us},
  author    = {Grisham, John and Goldsman, Akiva and Getchell, Robert},
  director  = {Schumacher, Jœl},
  publisher = {Milchan, Arnon and Reuther, Steven},
  id        = {TheClient1994}
}


@movie{TheCuriousCaseOfBenjaminButton2008,
  title     = {The Curious Case Of Benjamin Button},
  titlefr   = {L’Étrange histoire de Benjamin Button},
  year      = {2008},
  country   = {us},
  author    = {Roth, Eric and Swicord, Robin and Fitzgerald, F. Scott},
  director  = {Fincher, David},
  publisher = {Chaffin, Ceán and Kennedy, Kathleen and Marshall, Frank},
  id        = {TheCuriousCaseOfBenjaminButton2008}
}


@movie{TheDeparted2006,
  title     = {The Departed},
  titlefr   = {},
  year      = {2006},
  country   = {us},
  author    = {Mak, Alan and Monahan, William},
  director  = {Scorsese, Martin},
  publisher = {Grey, Brad and King, Graham and Nunnari, Gianni and Pitt, Brad},
  id        = {TheDeparted2006}
}


@movie{TheDevilWearsPrada2006,
  title     = {The Devil Wears Prada},
  titlefr   = {Le Diable s’habille en Prada},
  year      = {2006},
  country   = {us},
  author    = {Brosh McKenna, Aline and Weisberger, Lauren},
  director  = {Frankel, David},
  publisher = {Finerman, Wendy},
  id        = {TheDevilWearsPrada2006}
}


@movie{TheExorcist1973,
  title     = {The Exorcist},
  titlefr   = {L'Exorciste},
  year      = {1973},
  country   = {us},
  author    = {Blatty, William Peter},
  director  = {Friedkin, William},
  publisher = {Blatty, William Peter},
  id        = {TheExorcist1973}
}


@movie{TheFamilyMan2000,
  title     = {The Family Man},
  titlefr   = {},
  year      = {2000},
  country   = {us},
  author    = {Diamond, David and Weissman, David},
  director  = {Ratner, Brett},
  publisher = {Abraham, Marc and Ludwig, Tony and Riche, Alan and Rosenman, Howard},
  id        = {TheFamilyMan2000}
}


@movie{TheFaultInOurStars2014,
  title     = {The Fault in Our Stars},
  titlefr   = {Nos étoiles contraires},
  year      = {2014},
  country   = {us},
  author    = {Green, John and Neustadter, Scott and Weber, Michael H.},
  director  = {Boone, Josh},
  publisher = {Bowen, Marty and Godfrey, Wyck},
  id        = {TheFaultInOurStars2014}
}


@movie{LeCinquiemeElement1997,
  title     = {The Fifth Element},
  titlefr   = {Le Cinquième élément},
  year      = {1997},
  country   = {fr},
  author    = {Besson, Luc and Kamen, Robert Mark},
  director  = {Besson, Luc},
  publisher = {Ledoux, Patrice},
  id        = {LeCinquiemeElement1997}
}


@movie{TheFirm1993,
  title     = {The Firm},
  titlefr   = {La Firme},
  year      = {1993},
  country   = {us},
  author    = {Grisham, John and Rabe, David and Towne, Robert and Rayfiel, David},
  director  = {Pollack, Sydney},
  publisher = {Davis, John and Pollack, Sydney and Rudin, Scott},
  id        = {TheFirm1993}
}


@movie{TheFly1986,
  title     = {The Fly},
  titlefr   = {La Mouche},
  year      = {1986},
  country   = {us},
  author    = {Langelaan, George and Pogue, Charles Edward and Cronenberg, David},
  director  = {Cronenberg, David},
  publisher = {Cornfeld, Stuart},
  id        = {TheFly1986}
}


@movie{TheGreatEscape1963,
  title     = {The Great Escape},
  titlefr   = {La Grande échappée},
  year      = {1963},
  country   = {us},
  author    = {Brickhill, Paul and Clavell, James and Burnett, W.R.},
  director  = {Sturges, John},
  publisher = {Sturges, John and Clavell, James},
  id        = {TheGreatEscape1963}
}


@movie{HorseWhisperer1998,
  title     = {The Horse Whisperer},
  titlefr   = {L'Homme qui murmurait à l'oreille des chevaux},
  year      = {1998},
  country   = {us},
  author    = {Evans, Nick and Roth, Eric and LaGravenese, Richard},
  director  = {Redford, Robert},
  publisher = {Markey, Patrick and Redford, Robert},
  id        = {HorseWhisperer1998}
}


@movie{TheHouseOfTheSpirits1993,
  title     = {The House of the Spirits},
  titlefr   = {La Maison aux esprits},
  year      = {1993},
  country   = {pt, de, us, da, fr},
  author    = {Allende, Isabel and August, Bille},
  director  = {August, Bille},
  publisher = {Eichinger, Bernd and Moszkowicz, Martin},
  id        = {TheHouseOfTheSpirits1993}
}


@movie{TheIntern2015,
  title     = {The Intern},
  titlefr   = {Le Nouveau stagiaire},
  year      = {2015},
  country   = {us},
  author    = {Meyers, Nancy},
  director  = {Meyers, Nancy},
  publisher = {Meyers, Nancy},
  id        = {TheIntern2015}
}


@movie{TheLordOfTheRings2001,
  title     = {The Lord of the Rings},
  titlefr   = {Le Seigneur des anneaux},
  year      = {2001},
  country   = {us},
  author    = {Tolkien, J.R.R. and Walsh, Fran and Boyens, Philippa and Jackson, Peter},
  director  = {Jackson, Peter},
  publisher = {Jackson, Peter and Osborne, Barrie M. and Sanders, Tim and Walsh, Fran},
  id        = {TheLordOfTheRings2001}
}


@movie{TheMagnificentAmbersons1942,
  title     = {The Magnificent Ambersons},
  titlefr   = {La Splendeur des Amberson},
  year      = {1942},
  country   = {us},
  author    = {Tarkington, Booth and Welles, Orson and Cotten, Joseph and Moss, Jack},
  director  = {Welles, Orson and Fleck, Fred and Wise, Robert},
  publisher = {Welles , Orson  and Moss, Jack },
  id        = {TheMagnificentAmbersons1942}
}


@movie{TheManInTheIronMask1998,
  title     = {The Man in the Iron Mask},
  titlefr   = {L'Homme au masque de fer},
  year      = {1998},
  country   = {us, fr},
  author    = {Dumas père, Alexandre and Wallace, Randall},
  director  = {Wallace, Randall},
  publisher = {Smith, Russel and Wallace, Randall},
  id        = {TheManInTheIronMask1998}
}


@movie{TheManWithTheGoldenArm1955,
  title     = {The Man with the Golden Arm},
  titlefr   = {L'Homme au bras d'or},
  year      = {1955},
  country   = {us},
  author    = {Algren, Nelson and Newman, Walter and Meltzer, Lewis and Hecht, Ben},
  director  = {Preminger, Otto},
  publisher = {Preminger, Otto},
  id        = {TheManWithTheGoldenArm1955}
}


@movie{TheMazeRunner2014,
  title     = {The Maze Runner},
  titlefr   = {Le Labyrinthe},
  year      = {2014},
  country   = {us},
  author    = {Oppenheim, Noah and Myers, Grant Pierce and Nowlin, T.S. and Dashner, James},
  director  = {Wes, Ball},
  publisher = {Bowen, Marty and Godfrey, Wyck and Goldsmith-Vein, Ellen and Stollman, Lee and , Lindsay Williams,,,},
  id        = {TheMazeRunner2014}
}


@movie{TheNightmareBeforeChristmas1993,
  title     = {The Nightmare Before Christmas},
  titlefr   = {L'Étrange noël de Mister Jack},
  year      = {1993},
  country   = {us},
  author    = {Burton, Tim and McDowell, Mickael and Thompson, Caroline},
  director  = {Selick, Henry},
  publisher = {Burton, Tim and Di Novi, Denise and Hahn, Don},
  id        = {TheNightmareBeforeChristmas1993}
}


@movie{TheNotebook2004,
  title     = {The Notebook},
  titlefr   = {N’oublie jamais},
  year      = {2004},
  country   = {us},
  author    = {Sparks, Nicholas and Sardi, Jan and Leven, Jeremy},
  director  = {Cassavetes, Nick},
  publisher = {Harris, Lynn and Johnson, Mark},
  id        = {TheNotebook2004}
}


@movie{ThePrestige2006,
  title     = {The Prestige},
  titlefr   = {},
  year      = {2006},
  country   = {us, en},
  author    = {Nolan, Jonathan and Nolan, Christopher and Priest, Christopher},
  director  = {Nolan, Christopher},
  publisher = {Nolan, Christopher and Ryder, Aaron and Thomas, Emma},
  id        = {ThePrestige2006}
}


@movie{TheProject2002,
  title     = {The Project},
  titlefr   = {Les Années Tony Blair},
  year      = {2002},
  country   = {en},
  author    = {Jackson, Leigh},
  director  = {Kosminsky, Peter},
  publisher = {Bird, Matthew},
  id        = {TheProject2002}
}


@movie{TheRiverWild1994,
  title     = {The River Wild},
  titlefr   = {La Rivière sauvage},
  year      = {1994},
  country   = {us},
  author    = {O'Neill, Denis},
  director  = {Hanson, Curtis},
  publisher = {Turman, Lawrence and Foster, David},
  id        = {TheRiverWild1994}
}


@movie{TheSilenceOfTheLambs1991,
  title     = {The Silence of the Lambs},
  titlefr   = {Le Silence des agneaux},
  year      = {1991},
  country   = {us},
  author    = {Harris, Thomas and Tally, Ted},
  director  = {Demme, Jonathan},
  publisher = {Bozman, Ronald M. and Saxon, Edward and Utt, Kenneth},
  id        = {TheSilenceOfTheLambs1991}
}


@movie{TheSixthSense1999,
  title     = {The Sixth Sense},
  titlefr   = {Le Sixième sens},
  year      = {1999},
  country   = {us},
  author    = {Shyamalan, M. Night},
  director  = {Shyamalan, M. Night},
  publisher = {Kennedy, Kathleen and Marshall, Frank and Mendel, Barry},
  id        = {TheSixthSense1999}
}


@movie{TheSocialNetwork2010,
  title     = {The Social Network},
  titlefr   = {},
  year      = {2010},
  country   = {us},
  author    = {Sorkin, Aaron and Mezrich, Ben},
  director  = {Fincher, David},
  publisher = {Brunetti , Dana  and Chaffin , Ceán and De Luca , Michael and Rudin, Scott},
  id        = {TheSocialNetwork2010}
}


@movie{TheSting1973,
  title     = {The Sting},
  titlefr   = {L'Arnaque},
  year      = {1973},
  country   = {us},
  author    = {Ward, David S. and Phillips, Julia and Phillips, Michael},
  director  = {Hill, George Roy},
  publisher = {Bill, Tony},
  id        = {TheSting1973}
}


@movie{TheStraightStory1999,
  title     = {The Straight Story},
  titlefr   = {Une Histoire vraie},
  year      = {1999},
  country   = {us},
  author    = {Roach, John and Sweeney, Mary},
  director  = {Lynch, David},
  publisher = {Edelstein, Neal and Sweeney, Mary},
  id        = {TheStraightStory1999}
}


@movie{TheWolfOfWallStreet2013,
  title     = {The Wolf of Wall Street},
  titlefr   = {Le loup de Wall Street},
  year      = {2013},
  country   = {us},
  author    = {Belfort, Jordan and Winter, Terence},
  director  = {Scorsese, Martin},
  publisher = {Aziz, Riza and DiCaprio, Leonardo and McFarland, Joey and Scorsese, Martin and Tillinger, Emma},
  id        = {TheWolfOfWallStreet2013}
}


@movie{TheXFiles1993,
  title     = {The X-Files},
  titlefr   = {X-Files},
  year      = {1993},
  country   = {us},
  author    = {Carter (créateur), Chris and Morgan, Glen and Wong, James and Gordon, Howard and Spotnitz, Frank and Gilligan, Vince and Shiban, John and Newton, Kim},
  director  = {Bowman, Rob and Carter, Chris and Goodwin, R.W. and Manners, Kim and Nutter, David},
  publisher = {Bowman, Rob and Bring, Harry V. and Caulfield, Bernadette and Finn, Joseph Patrick and Manners, Kim and Rabwin, Paul},
  id        = {TheXFiles1993}
}


@movie{ThelmaLouise1991,
  title     = {Thelma \& Louise},
  titlefr   = {},
  year      = {1991},
  country   = {us},
  author    = {Khouri, Callie},
  director  = {Scott, Ridley},
  publisher = {Scott, Ridley and Gitlin, Mimi Polk},
  id        = {ThelmaLouise1991}
}


@movie{ThereSSomethingAboutMary1998,
  title     = {There's Something About Mary},
  titlefr   = {Mary à tout prix},
  year      = {1998},
  country   = {us},
  author    = {Decter, Ed and J. Strauss, John and Farrelly, Bobby and Farrelly, Peter},
  director  = {Farrelly, Bobby and Farrelly, Peter},
  publisher = {Beddor, Frank and Steinberg, Michael and Thomas, Bradley and B. Wessler, Charles},
  id        = {ThereSSomethingAboutMary1998}
}


@movie{ThingsWeLostInTheFire2007,
  title     = {Things We Lost in the Fire},
  titlefr   = {Nos souvenirs brûlés},
  year      = {2007},
  country   = {us},
  author    = {Loeb, Allan},
  director  = {Bier, Susanne },
  publisher = {Mendes , Sam and Mercer, Sam},
  id        = {ThingsWeLostInTheFire2007}
}


@movie{ThunderboltAndLightfoot1974,
  title     = {Thunderbolt and Lightfoot},
  titlefr   = {Le Canardeur},
  year      = {1974},
  country   = {us},
  author    = {Cimino, Michael},
  director  = {Cimino, Michael},
  publisher = {Daley, Robert},
  id        = {ThunderboltAndLightfoot1974}
}


@movie{TimeOut2011,
  title     = {Time Out},
  titlefr   = {},
  year      = {2011},
  country   = {us},
  author    = {Niccol, Andrew and Falk, Lee},
  director  = {Niccol, Andrew},
  publisher = {Abraham , Marc  and Newman , Eric and Niccol, Andrew},
  id        = {TimeOut2011}
}


@movie{Titanic1997,
  title     = {Titanic},
  titlefr   = {},
  year      = {1997},
  country   = {us},
  author    = {Cameron, James},
  director  = {Cameron, James},
  publisher = {Cameron, James and Landau, Jon},
  id        = {Titanic1997}
}


@movie{Tootsie1982,
  title     = {Tootsie},
  titlefr   = {},
  year      = {1982},
  country   = {us},
  author    = {Gelbart, Larry and Schisgal, Murray and McGuire, Don and Gelbart, Larry and Levinson, Barry and Garland, Robert and May, Elaine},
  director  = {Pollack, Sydney},
  publisher = {Pollack,, Sydney and Richards, Dick},
  id        = {Tootsie1982}
}


@movie{ToyStory1995,
  title     = {Toy Story},
  titlefr   = {},
  year      = {1995},
  country   = {us},
  author    = {Lasseter, John and Docter, Pete and Stanton, Andrew and Ranft, Joe and Whedon, Joss and Stanton, Andrew and Cohen, Joel and Sokolow, Alec},
  director  = {Lasseter, John},
  publisher = {Arnold, Bonnie and Guggenheim, Ralph},
  id        = {ToyStory1995}
}


@movie{TwelveMonkeys1995,
  title     = {Twelve Monkeys},
  titlefr   = {L'Armée des douze singes},
  year      = {1995},
  country   = {us},
  author    = {Marker, Chris and Peoples, David Webb and Peoples, Janet},
  director  = {Gilliam, Terry},
  publisher = {Roven, Charles},
  id        = {TwelveMonkeys1995}
}


@movie{Twilight2008,
  title     = {Twilight},
  titlefr   = {Twilight : Chapitre 1 - Fascination},
  year      = {2008},
  country   = {us},
  author    = {Meyer, Stephenie and Rosenberg,  Melissa},
  director  = {Hardwicke, Catherine},
  publisher = {Godfrey , Wyck and Mooradian , Greg  and Morgan, Mark},
  id        = {Twilight2008}
}


@movie{TwoForTheRoad1967,
  title     = {Two for the Road},
  titlefr   = {Voyage à deux},
  year      = {1967},
  country   = {en},
  author    = {Raphael, Frederic},
  director  = {Donen, Stanley},
  publisher = {Donen, Stanley},
  id        = {TwoForTheRoad1967}
}


@movie{UnHerosTresDiscret1996,
  title     = {Un Héros très discret},
  titlefr   = {},
  year      = {1996},
  country   = {fr},
  author    = {Deniau, Jean-françois and Le Henry, Alain and Audiard, Jacques},
  director  = {Audiard, Jacques},
  publisher = {Godeau, Patrick},
  id        = {UnHerosTresDiscret1996}
}


@movie{UnProphete2009,
  title     = {Un Prophète},
  titlefr   = {},
  year      = {2009},
  country   = {fr},
  author    = {Dafri, Abdel Raouf and Peufaillit, Nicolas and Bidegain, Thomas and Audiard, Jacques},
  director  = {Audiard, Jacques},
  publisher = {Cassinelli, Martine and Dedet, Antonin},
  id        = {UnProphete2009}
}


@movie{UnAirDeFamille1996,
  title     = {Un air de famille},
  titlefr   = {},
  year      = {1996},
  country   = {fr},
  author    = {Jaoui, Agnès and Bacri, Jean-Pierre and Klapisch, Cédric},
  director  = {Klapisch, Cédric},
  publisher = {Gassot, Charles},
  id        = {UnAirDeFamille1996}
}


@movie{Underground1995,
  title     = {Underground},
  titlefr   = {},
  year      = {1995},
  country   = {de, fr, hu, cs},
  author    = {Kovačević, Dušan and Kusturica , Emir},
  director  = {Kusturica, Emir},
  publisher = {Spengler, Pierre and Baumgartner , Karl and Ćatović, Maksa},
  id        = {Underground1995}
}


@movie{Unforgiven1992,
  title     = {Unforgiven},
  titlefr   = {Impitoyable},
  year      = {1992},
  country   = {us},
  author    = {Peoples, David Webb},
  director  = {Eastwood, Clint},
  publisher = {Eastwood, Clint},
  id        = {Unforgiven1992}
}


@movie{WalkerTexasRanger1993,
  title     = {Walker, Texas Ranger},
  titlefr   = {},
  year      = {1993},
  country   = {us},
  author    = {Canaan, Christopher and Greif, Leslie and Haggis, Paul and Ruddy, Albert S.},
  director  = {Preece , Michael and Mordente,, Tony and Jameson, Jerry},
  publisher = {Norris , Aaron and Clarkson , Lisa and Dawson , Gordon T. and Brown, Garry A. and Husky, Rick},
  id        = {WalkerTexasRanger1993}
}


@movie{WhenHarryMetSally1989,
  title     = {When Harry Met Sally},
  titlefr   = {Quand Harry rencontre Sally},
  year      = {1989},
  country   = {us},
  author    = {Ephron, Nora},
  director  = {Reiner, Bob},
  publisher = {Reiner, Bob and Scheinman, Andrew},
  id        = {WhenHarryMetSally1989}
}


@movie{Witness1985,
  title     = {Witness},
  titlefr   = {},
  year      = {1985},
  country   = {us},
  author    = {Kelley, William and Wallace, Pamela and W. Wallace, Earl},
  director  = {Weir, Peter},
  publisher = {S. Feldman, Edward},
  id        = {Witness1985}
}


@movie{WorkingGirl1988,
  title     = {Working Girl},
  titlefr   = {Quand les femmes s'en mêlent},
  year      = {1988},
  country   = {us},
  author    = {Wade, Kevin},
  director  = {Nichols, Mike},
  publisher = {Wick, Douglas},
  id        = {WorkingGirl1988}
}


@movie{WorldWarZ2013,
  title     = {World War Z},
  titlefr   = {},
  year      = {2013},
  country   = {us},
  author    = {Carnahan, Matthew Michael and Goddard, Drew and Lindelof, Damon and Straczynski, J. Michael and Brooks, Max},
  director  = {Forster, Marc},
  publisher = {Bryce, Ian and Gardner, Dede and Kleiner, Jeremy and Pitt, Brad},
  id        = {WorldWarZ2013}
}


@movie{WoHCangLong2000,
  title     = {Wò Hǔ Cáng Lóng},
  titlefr   = {Tigre et dragon},
  year      = {2000},
  country   = {zh, us},
  author    = {DuLu, Wang and Wang, Hui-Ling and Schamus, James and Tsai, Kuo Jung},
  director  = {Lee, Ang},
  publisher = {Hsu, Li-Kong and Kong,, William and Lee, Ang},
  id        = {WoHCangLong2000}
}


