@Book{12AngryMen1957,
  title     = {12 Angry Men},
  titlefr   = {Douze hommes en colère},
  year      = {1957},
  country   = {us},
  author    = {[{:nom=>"Rose", :prenom=>"Reginald"}]},
  director  = {Lumet, Sydney},
  publisher = {Rose, Reginald and Fonda, Henry},
  id        = {12AngryMen1957}
}


@Book{127Hours2010,
  title     = {127 Hours},
  titlefr   = {127 Heures},
  year      = {2010},
  country   = {us},
  author    = {[{:prenom=>"Aron", :nom=>"Ralston", :fonction=>"Livre"}, {:prenom=>"Danny", :nom=>"Boyle", :fonction=>"Sc\u00E9nario"}, {:prenom=>"Simon", :nom=>"Beaufoy", :fonction=>"Sc\u00E9nario"}]},
  director  = {Boyle, Danny},
  publisher = {Boyle, Danny, Colson, Christian and Smithson, John},
  id        = {127Hours2010}
}


@Book{2001ASpaceOdyssey1968,
  title     = {2001: A Space Odyssey},
  titlefr   = {2001, l'odyssée de l'espace},
  year      = {1968},
  country   = {us, en},
  author    = {[{:nom=>"Kubrick", :prenom=>"Stanley"}, {:nom=>"Clarke", :prenom=>"Arthur C."}]},
  director  = {Kubrick, Stanley},
  publisher = {Kubrick, Stanley},
  id        = {2001ASpaceOdyssey1968}
}


@Book{21Grams2003,
  title     = {21 Grams},
  titlefr   = {21 Grammes},
  year      = {2003},
  country   = {us},
  author    = {[{:prenom=>"Guillermo", :nom=>"Arriaga", :fonction=>""}]},
  director  = {Iñárritu, Alejandro González},
  publisher = {Salerno, Robert and Iñárritu, Alejandro González},
  id        = {21Grams2003}
}


@Book{36QuaiDesOrfevres2004,
  title     = {36, Quai des orfèvres},
  titlefr   = {},
  year      = {2004},
  country   = {fr},
  author    = {[{:nom=>"Mancuso", :prenom=>"Frank"}, {:nom=>"Loiseau", :prenom=>"Dominique"}, {:nom=>"Marchal", :prenom=>"Olivier"}, {:nom=>"Rappeneau", :prenom=>"Julien"}]},
  director  = {Marchal, Olivier},
  publisher = {Chorot, Franck, Colbeau-Justin, Cyril and Dupont, Jean-Baptiste},
  id        = {36QuaiDesOrfevres2004}
}


@Book{AClockworkOrange1971,
  title     = {A Clockwork Orange},
  titlefr   = {Orange mécanique},
  year      = {1971},
  country   = {us, en},
  author    = {[{:nom=>"Burgess", :prenom=>"Anthony"}, {:nom=>"Kubrick", :prenom=>"Stanley"}]},
  director  = {Kubrick, Stanley},
  publisher = {Kubrick, Stanley},
  id        = {AClockworkOrange1971}
}


@Book{HistoryOfViolence2005,
  title     = {A History of Violence},
  titlefr   = {},
  year      = {2005},
  country   = {us},
  author    = {[{:prenom=>"Josh", :nom=>"Olson", :fonction=>"Sc\u00E9nario"}, {:prenom=>"John", :nom=>"Wagner", :fonction=>"Roman"}, {:prenom=>"Vince", :nom=>"Locke", :fonction=>"Roman"}]},
  director  = {Cronenberg, David},
  publisher = {Bender, Chris, Spink, J.C. and Weiner, Jake},
  id        = {HistoryOfViolence2005}
}


@Book{ARiverRunsThroughIt1992,
  title     = {A River Runs Through It},
  titlefr   = {Et au milieu coule une rivière},
  year      = {1992},
  country   = {us},
  author    = {[{:prenom=>"Norman", :nom=>"Maclean", :fonction=>"Histoire"}, {:prenom=>"Richard", :nom=>"Friedenberg", :fonction=>"Sc\u00E9nario"}]},
  director  = {Redford, Robert},
  publisher = {Markey, Patrick, Mato, Amalia and Redford, Robert},
  id        = {ARiverRunsThroughIt1992}
}


@Book{AStarIsBorn1954,
  title     = {A Star is Born},
  titlefr   = {Une étoile est née},
  year      = {1954},
  country   = {us},
  author    = {[{:prenom=>"Robert", :nom=>"Carson", :objet=>"sc\u00E9nario de 1937"}, {:prenom=>"Alan", :nom=>"Campbell", :objet=>"sc\u00E9nario de 1937"}, {:prenom=>"Dorothy", :nom=>"Parker", :objet=>"sc\u00E9nario original"}, {:prenom=>"Moss", :nom=>"Hart", :objet=>"sc\u00E9nario"}]},
  director  = {Cukor, George},
  publisher = {Luft, Sidney},
  id        = {AStarIsBorn1954}
}


@Book{AWomanUnderTheInfluence1974,
  title     = {A Woman Under the Influence},
  titlefr   = {Une Femme sous influence},
  year      = {1974},
  country   = {us},
  author    = {[{:prenom=>"John", :nom=>"Cassavetes", :objet=>nil}]},
  director  = {Cassavetes, John},
  publisher = {Shaw, Sam},
  id        = {AWomanUnderTheInfluence1974}
}


@Book{AIArtificialIntelligence2001,
  title     = {AI, Artificial Intelligence},
  titlefr   = {},
  year      = {2001},
  country   = {us},
  author    = {[{:nom=>"Aldiss", :prenom=>"Brian"}, {:nom=>"Watson", :prenom=>"Ian"}, {:nom=>"Spielberg", :prenom=>"Steven"}, {:nom=>"Kubrick", :prenom=>"Stanley"}]},
  director  = {Spielberg, Steven},
  publisher = {Spielberg, Steven, Curtis, Bonnie and Kennedy, Kathleen},
  id        = {AIArtificialIntelligence2001}
}


@Book{AdamSRib1949,
  title     = {Adam's Rib},
  titlefr   = {Madame porte la culotte},
  year      = {1949},
  country   = {us},
  author    = {[{:prenom=>"Ruth", :nom=>"Gordon", :objet=>nil}, {:prenom=>"Garson", :nom=>"Kanin", :objet=>nil}]},
  director  = {Cukor, George},
  publisher = {Weingarten, Lawrence},
  id        = {AdamSRib1949}
}


@Book{Alien1979,
  title     = {Alien},
  titlefr   = {},
  year      = {1979},
  country   = {us},
  author    = {[{:prenom=>"Ronald", :nom=>"Shusett", :objet=>nil}, {:prenom=>"Dan", :nom=>"O'Bannon", :objet=>nil}]},
  director  = {Scott, Ridley},
  publisher = {Carroll, Gordon, Giler, David and Hill, Walter},
  id        = {Alien1979}
}


@Book{AlienResurrection1997,
  title     = {Alien : Resurrection},
  titlefr   = {Alien 4},
  year      = {1997},
  country   = {us},
  author    = {[{:prenom=>"Dan", :nom=>"O'Bannon", :fonction=>"personnages"}, {:prenom=>"Ronald", :nom=>"Shusette", :fonction=>"personnages"}, {:prenom=>"Joss", :nom=>"Whedon", :fonction=>"sc\u00E9nario"}]},
  director  = {Jeunet, Jean-Pierre},
  publisher = {Badalato, Bill, Caroll, Gordon, Giler, David and Hill, Walter},
  id        = {AlienResurrection1997}
}


@Book{AllAboutEve1950,
  title     = {All About Eve},
  titlefr   = {Eve},
  year      = {1950},
  country   = {us},
  author    = {[{:prenom=>"Mary", :nom=>"Orr", :fonction=>"Histoire"}, {:prenom=>"Joseph L.", :nom=>"Mankiewicz", :fonction=>"Sc\u00E9nario"}, {:prenom=>"Erich", :nom=>"K\u00E4stner", :fonction=>"Dialogues"}]},
  director  = {Mankiewicz, Joseph L.},
  publisher = {Zanuck, Darryl F.},
  id        = {AllAboutEve1950}
}


@Book{Amadeus1984,
  title     = {Amadeus},
  titlefr   = {},
  year      = {1984},
  country   = {us},
  author    = {[{:prenom=>"Peter", :nom=>"Shaffer", :fonction=>nil}]},
  director  = {Forman, Milos},
  publisher = {Zaentz, Saul},
  id        = {Amadeus1984}
}


@Book{AmericanBeauty1999,
  title     = {American Beauty},
  titlefr   = {},
  year      = {1999},
  country   = {us},
  author    = {[{:prenom=>"Alan", :nom=>"Ball", :fonction=>nil}]},
  director  = {Mendes, Sam},
  publisher = {Cohen, Bruce and Jinks, Dan},
  id        = {AmericanBeauty1999}
}


@Book{Antichrist2009,
  title     = {Antichrist},
  titlefr   = {},
  year      = {2009},
  country   = {dk},
  author    = {[{:prenom=>"Lars", :nom=>"Von Trier", :fonction=>""}]},
  director  = {Von Trier, Lars},
  publisher = {Foldager, Meta Louise, Jönsson, Lars, Occhipinti, Andrea and Østergaard, Ole},
  id        = {Antichrist2009}
}


@Book{Avatar2009,
  title     = {Avatar},
  titlefr   = {},
  year      = {2009},
  country   = {us},
  author    = {[{:prenom=>"James", :nom=>"Cameron", :objet=>nil}]},
  director  = {Cameron, James},
  publisher = {Cameron , James and Landau, Jon},
  id        = {Avatar2009}
}


@Book{Aviator2004,
  title     = {Aviator},
  titlefr   = {},
  year      = {2004},
  country   = {us},
  author    = {[{:prenom=>"John", :nom=>"Logan"}]},
  director  = {Scorsese, Martin},
  publisher = {Climan, Sandy, Evans Jr., Charles, King, Graham and Mann, Michael},
  id        = {Aviator2004}
}


@Book{Babe1995,
  title     = {Babe},
  titlefr   = {},
  year      = {1995},
  country   = {us, au},
  author    = {[{:prenom=>"Dick", :nom=>"King-Smith", :objet=>nil}, {:prenom=>"George", :nom=>"Miller", :objet=>nil}, {:prenom=>"Chris", :nom=>"Noonan", :objet=>nil}]},
  director  = {Noonan, Chris},
  publisher = {Miller, Bill, Miller, George and Mitchell, Doug},
  id        = {Babe1995}
}


@Book{BackToTheFuture1985,
  title     = {Back to the Future},
  titlefr   = {Retour vers le futur},
  year      = {1985},
  country   = {us},
  author    = {[{:prenom=>"Robert", :nom=>"Zemeckis", :objet=>nil}, {:prenom=>" Bob", :nom=>"Gale", :objet=>nil}]},
  director  = {Zemeckis, Robert },
  publisher = {Gale, Bob and Canton, Neil},
  id        = {BackToTheFuture1985}
}


@Book{BladeRunner1982,
  title     = {Blade Runner},
  titlefr   = {},
  year      = {1982},
  country   = {us},
  author    = {[{:prenom=>"Hampton", :nom=>"Fancher", :objet=>nil}, {:prenom=>"David Webb", :nom=>"Peoples", :objet=>nil}, {:prenom=>"Philip K.", :nom=>"Dick", :objet=>nil}]},
  director  = {Scott, Riddley},
  publisher = {Deeley, Michael and de Lauzirika, Charles},
  id        = {BladeRunner1982}
}


@Book{TheBodyguard1992,
  title     = {Bodyguard},
  titlefr   = {Bodyguard},
  year      = {1992},
  country   = {us},
  author    = {[{:nom=>"Kasdan", :prenom=>"Lawrence"}]},
  director  = {Jackson Mick, },
  publisher = {Costner, Kevin, Kasdan, Lawrence and Wilson, Jim},
  id        = {TheBodyguard1992}
}


@Book{BonnieAndClyde1967,
  title     = {Bonnie and Clyde},
  titlefr   = {},
  year      = {1967},
  country   = {us},
  author    = {[{:nom=>"Newman", :prenom=>"David"}, {:nom=>"Benton", :prenom=>"Robert"}, {:nom=>"Towne", :prenom=>"Robert"}]},
  director  = {Penn, Arthur},
  publisher = {Beatty, Warren},
  id        = {BonnieAndClyde1967}
}


@Book{BreakfastAtTiffanyS1961,
  title     = {Breakfast at Tiffany's},
  titlefr   = {Diamants sur canapé},
  year      = {1961},
  country   = {us},
  author    = {[{:nom=>"Capote", :prenom=>"Truman"}, {:nom=>"Axelrod", :prenom=>"George"}]},
  director  = {Edwards, Blake},
  publisher = {Shepherd, Richard and Jurow, Martin},
  id        = {BreakfastAtTiffanyS1961}
}


@Book{BreakingTheWaves1996,
  title     = {Breaking the Waves},
  titlefr   = {},
  year      = {1996},
  country   = {dk},
  author    = {[{:prenom=>"Lars", :nom=>"Von Trier", :fonction=>""}, {:prenom=>"Peter", :nom=>"Asmussen", :fonction=>""}, {:prenom=>"Peter", :nom=>"Pirie", :fonction=>""}]},
  director  = {Von Trier, Lars},
  publisher = {Jensen, Peter Aalbæk and Windeløv, Vibeke},
  id        = {BreakingTheWaves1996}
}


@Book{CEraUnaVoltaIlWest1968,
  title     = {C'era una volta il West},
  titlefr   = {Il était une fois dans l'Ouest},
  year      = {1968},
  country   = {it, us},
  author    = {[{:nom=>"Argento", :prenom=>"Dario"}, {:nom=>"Bertolucci", :prenom=>"Bernardo"}, {:nom=>"Leone", :prenom=>"Sergio"}, {:nom=>"Donati", :prenom=>"Sergio"}, {:nom=>"Knox", :prenom=>"Mickey"}]},
  director  = {Leone, Sergio},
  publisher = {Morsella, Fulvio},
  id        = {CEraUnaVoltaIlWest1968}
}


@Book{CarlitoSWay1993,
  title     = {Carlito's Way},
  titlefr   = {L'Impasse},
  year      = {1993},
  country   = {us},
  author    = {[{:prenom=>"Edwin", :nom=>"Torres", :objet=>nil}, {:prenom=>"David", :nom=>"K\u0153pp", :objet=>nil}]},
  director  = {De Palma, Brian},
  publisher = {Bregman, Martin, Bregman, Michael Scott and Bär, Willi},
  id        = {CarlitoSWay1993}
}


@Book{CastAway2000,
  title     = {Cast Away},
  titlefr   = {Seul au monde},
  year      = {2000},
  country   = {us},
  author    = {[{:prenom=>"William", :nom=>"Broyles Jr.", :objet=>nil}]},
  director  = {Zemeckis, Robert},
  publisher = {Rapke, Jack, Zemeckis,  Robert, Starkey,  Steve and Hanks,  Tom},
  id        = {CastAway2000}
}


@Book{Chappie2015,
  title     = {Chappie},
  titlefr   = {},
  year      = {2015},
  country   = {us},
  author    = {[{:prenom=>"Neill", :nom=>"Blomkamp", :fonction=>nil}, {:prenom=>"Terri", :nom=>"Tatchell", :fonction=>nil}]},
  director  = {Blomkamp, Neill},
  publisher = {Blomkamp, Neill and Kinberg, Simon},
  id        = {Chappie2015}
}


@Book{Charade1963,
  title     = {Charade},
  titlefr   = {},
  year      = {1963},
  country   = {us},
  author    = {[{:prenom=>"Peter", :nom=>"Stone", :objet=>nil}, {:prenom=>"Marc", :nom=>"Behm", :objet=>nil}]},
  director  = {Donen, Stanley},
  publisher = {Donen, Stanley},
  id        = {Charade1963}
}


@Book{ChariotsOfFire1981,
  title     = {Chariots of Fire},
  titlefr   = {Les Chariots de Feu},
  year      = {1981},
  country   = {en},
  author    = {[{:prenom=>"Colin", :nom=>"Welland", :fonction=>""}]},
  director  = {Hudson, Hugh},
  publisher = {Puttnam, David},
  id        = {ChariotsOfFire1981}
}


@Book{CitizenKane1941,
  title     = {Citizen Kane},
  titlefr   = {},
  year      = {1941},
  country   = {us},
  author    = {[{:prenom=>"Herman J.", :nom=>"Mankiewicz", :objet=>nil}, {:prenom=>"Orson", :nom=>"Welles", :objet=>nil}]},
  director  = {Welles, Orson},
  publisher = {Welles, Orson},
  id        = {CitizenKane1941}
}


@Book{Collateral2004,
  title     = {Collateral},
  titlefr   = {},
  year      = {2004},
  country   = {us},
  author    = {[{:prenom=>"Stuart", :nom=>"Beattie", :objet=>nil}]},
  director  = {Mann, Michael},
  publisher = {Mann, Michael and Richardson, Julie},
  id        = {Collateral2004}
}


@Book{ColumboMurderByTheBook1971,
  title     = {Columbo: Murder by the Book},
  titlefr   = {},
  year      = {1971},
  country   = {us},
  author    = {[{:prenom=>"Richard", :nom=>"Levinson", :objet=>nil}, {:prenom=>"William", :nom=>"Link", :objet=>nil}, {:prenom=>"Steven", :nom=>"Bochco", :objet=>nil}]},
  director  = {Spielberg, Steven},
  publisher = {Levinson, Richard and Link, William},
  id        = {ColumboMurderByTheBook1971}
}


@Book{Copycat1995,
  title     = {Copycat},
  titlefr   = {},
  year      = {1995},
  country   = {us},
  author    = {[{:prenom=>"Ann", :nom=>"Biderman", :objet=>nil}, {:prenom=>" David", :nom=>"Madsen", :objet=>nil}]},
  director  = {Amiel, Jon},
  publisher = {Tarlov , Mark and Milchan, Arnon},
  id        = {Copycat1995}
}


@Book{Crash2004,
  title     = {Crash},
  titlefr   = {Collision},
  year      = {2004},
  country   = {us},
  author    = {[{:prenom=>"Paul", :nom=>"Haggis", :fonction=>"Histoire,\u00A0sc\u00E9nario"}, {:prenom=>"Robert", :nom=>"Moresco", :fonction=>"Sc\u00E9nario"}]},
  director  = {Haggis, Paul},
  publisher = {Cheadle, Don, Haggis, Paul, Harris, Mark R., Moresco, Robert, Schulman, Cathy and Yari, Bob},
  id        = {Crash2004}
}


@Book{Cube1997,
  title     = {Cube},
  titlefr   = {},
  year      = {1997},
  country   = {ca},
  author    = {[{:nom=>"Bijelic", :prenom=>"andr\u00E9"}, {:nom=>"Natali", :prenom=>"Vincenzo"}]},
  director  = {Natali, Vincenzo},
  publisher = {Meh, Mehra and Orr, Betty},
  id        = {Cube1997}
}


@Book{DancerInTheDark2000,
  title     = {Dancer in the Dark},
  titlefr   = {},
  year      = {2000},
  country   = {da},
  author    = {[{:prenom=>"Lars", :nom=>"Von Trier", :objet=>nil}]},
  director  = {Von Trier, Lars},
  publisher = {Windeløv, Vibeke},
  id        = {DancerInTheDark2000}
}


@Book{DeBattreMonCoeurSEstArrete2005,
  title     = {De battre mon cœur s’est arrêté},
  titlefr   = {},
  year      = {2005},
  country   = {fr},
  author    = {[{:prenom=>"Jacques", :nom=>"Audiard", :fonction=>nil}, {:prenom=>"Tonino", :nom=>"Benacquista", :fonction=>nil}, {:prenom=>"James", :nom=>"Toback", :fonction=>nil}]},
  director  = {Audiard, Jacques},
  publisher = {Caucheteux, Pascal},
  id        = {DeBattreMonCoeurSEstArrete2005}
}


@Book{DeadCalm1989,
  title     = {Dead Calm},
  titlefr   = {Calme blanc},
  year      = {1989},
  country   = {us, au},
  author    = {[{:prenom=>"Charles", :nom=>"Williams", :objet=>nil}, {:prenom=>"Terry", :nom=>"Hayes", :objet=>nil}]},
  director  = {Noyce, Phillip},
  publisher = {Hayes, Terry, Mitchell, Doug and Miller, George},
  id        = {DeadCalm1989}
}


@Book{DeadPoetsSociety1989,
  title     = {Dead Poets Society},
  titlefr   = {Le Cercle des poètes disparus},
  year      = {1989},
  country   = {us},
  author    = {[{:prenom=>"Tom", :nom=>"Schulman", :objet=>nil}]},
  director  = {Weir, Peter},
  publisher = {Haft, Steven and Thomas, Tony},
  id        = {DeadPoetsSociety1989}
}


@Book{DekalogPiec1988,
  title     = {Dekalog, piec},
  titlefr   = {Cinquième décalogue : Tu ne tueras point},
  year      = {1988},
  country   = {pl},
  author    = {[{:prenom=>"Krysztof", :nom=>"Piesiewicz", :objet=>nil}, {:prenom=>"Krysztof", :nom=>"Kieslowski", :objet=>nil}]},
  director  = {Kieslowski, Krysztof},
  publisher = {Chutkowski, Ryszard},
  id        = {DekalogPiec1988}
}


@Book{DieXueShuangXiong1989,
  title     = {Die xue shuang xiong},
  titlefr   = {The Killer},
  year      = {1989},
  country   = {hk},
  author    = {[{:nom=>"Woo", :prenom=>"John"}]},
  director  = {Woo, John},
  publisher = {Hark, Tsui},
  id        = {DieXueShuangXiong1989}
}


@Book{Dogville2003,
  title     = {Dogville},
  titlefr   = {},
  year      = {2003},
  country   = {dk},
  author    = {[{:prenom=>"Lars", :nom=>"von Trier"}]},
  director  = {von Trier, Lars},
  publisher = {Windeløv, Vibeke},
  id        = {Dogville2003}
}


@Book{Dracula1992,
  title     = {Dracula},
  titlefr   = {},
  year      = {1992},
  country   = {us},
  author    = {[{:nom=>"Stoker", :prenom=>"Bram"}, {:nom=>"Hart", :prenom=>"James V."}]},
  director  = {Coppola, Francis Ford},
  publisher = {Coppola, Francis Ford, Fuchs, Fred and Mulvehill, Charles},
  id        = {Dracula1992}
}


@Book{Drive2011,
  title     = {Drive},
  titlefr   = {},
  year      = {2011},
  country   = {us},
  author    = {[{:prenom=>"James", :nom=>"Sallis", :objet=>"roman "}, {:prenom=>"Hossein", :nom=>"Amini", :objet=>"sc\u00E9nario"}]},
  director  = {Winding Refn, Nicolas},
  publisher = {Litvak , Michel , Palermo , John, Platt , Marc , Pritzker , Gigi and Siegel, Adam},
  id        = {Drive2011}
}


@Book{Duel1971,
  title     = {Duel},
  titlefr   = {},
  year      = {1971},
  country   = {us},
  author    = {[{:nom=>"Matheson", :prenom=>"Richard"}]},
  director  = {Spielberg, Steven},
  publisher = {Eckstein, George},
  id        = {Duel1971}
}


@Book{ETTheExtraTerrestrial1982,
  title     = {E.T. the Extra-Terrestrial},
  titlefr   = {E.T. L'Extra-terrestre},
  year      = {1982},
  country   = {us},
  author    = {[{:prenom=>"Melissa", :nom=>"Mathison", :objet=>nil}]},
  director  = {Spielberg, Steven},
  publisher = {Kennedy, Kathleen, Spielberg, Steven and Mathison, Melissa},
  id        = {ETTheExtraTerrestrial1982}
}


@Book{EastOfEden1955,
  title     = {East of Eden},
  titlefr   = {À l'Est d'Eden},
  year      = {1955},
  country   = {us},
  author    = {[{:prenom=>"Paul", :nom=>"Osborn", :objet=>nil}, {:prenom=>"John", :nom=>"Steinbeck (roman)", :objet=>nil}]},
  director  = {Kazan, Elia},
  publisher = {Kazan, Elia},
  id        = {EastOfEden1955}
}


@Book{EdwardScissorhands1990,
  title     = {Edward Scissorhands},
  titlefr   = {Édouard aux mains d'argent},
  year      = {1990},
  country   = {us},
  author    = {[{:prenom=>"Caroline", :nom=>"Thompson", :objet=>nil}, {:prenom=>"Tim", :nom=>"Burton", :objet=>nil}]},
  director  = {Burton, Tim},
  publisher = {Burton, Tim and Di Novi, Denise},
  id        = {EdwardScissorhands1990}
}


@Book{ErinBrockovich2000,
  title     = {Erin Brockovich},
  titlefr   = {Erin Brockovich, seule contre tous},
  year      = {2000},
  country   = {us},
  author    = {[{:prenom=>"Susannah", :nom=>"Grant", :objet=>nil}]},
  director  = {Soderbergh, Steven},
  publisher = {DeVito, Danny, Shamberg, Michael and Sher, Stacey},
  id        = {ErinBrockovich2000}
}


@Book{EternalSunshineOfTheSpotlessMind2004,
  title     = {Eternal Sunshine of The Spotless Mind},
  titlefr   = {},
  year      = {2004},
  country   = {us},
  author    = {[{:nom=>"Kaufman", :prenom=>"Charlie"}, {:nom=>"Gondry", :prenom=>"Michel"}, {:nom=>"Bismuth", :prenom=>"Pierre"}]},
  director  = {Gondry, Michel},
  publisher = {Bregman, Anthony and Golin, Steve},
  id        = {EternalSunshineOfTheSpotlessMind2004}
}


@Book{Everest2015,
  title     = {Everest},
  titlefr   = {},
  year      = {2015},
  country   = {en, us, is},
  author    = {[{:prenom=>"William", :nom=>"Nicholson", :objet=>nil}, {:prenom=>"Simon", :nom=>"Beaufoy", :objet=>nil}, {:prenom=>"Jon", :nom=>"Krakauer", :objet=>nil}]},
  director  = {Kormákur, Baltasar},
  publisher = {Kentish Barnes, Nicky, Bevan, Tim, Fellner, Eric, Kormákur, Baltasar, Oliver, Brian and Thompson, Tyler},
  id        = {Everest2015}
}


@Book{EyesWideShut1999,
  title     = {Eyes Wide Shut},
  titlefr   = {},
  year      = {1999},
  country   = {en},
  author    = {[{:prenom=>"Arthur", :nom=>"Schnitzler", :objet=>nil}, {:prenom=>"Stanley", :nom=>"Kubrick", :objet=>nil}]},
  director  = {Kubrick, Stanley},
  publisher = {Kubrick, Stanley},
  id        = {EyesWideShut1999}
}


@Book{FantasticVoyage1966,
  title     = {Fantastic Voyage},
  titlefr   = {Le Voyage fantastique},
  year      = {1966},
  country   = {us},
  author    = {[{:prenom=>"Harry", :nom=>"Kleiner", :fonction=>"sc\u00E9nario"}, {:prenom=>"David", :nom=>"Duncan", :fonction=>"adaptation"}, {:prenom=>"Otto", :nom=>"Klement", :fonction=>"histoire"}, {:prenom=>"Jerome", :nom=>"Bixby", :fonction=>"histoire"}]},
  director  = {Fleischer, Richard},
  publisher = {David, Saul},
  id        = {FantasticVoyage1966}
}


@Book{FindingNemo2003,
  title     = {Finding Nemo},
  titlefr   = {Le Monde de Némo},
  year      = {2003},
  country   = {us},
  author    = {[{:prenom=>"Andrew", :nom=>"Stanton", :objet=>nil}, {:prenom=>"Bob", :nom=>"Peterson", :objet=>nil}, {:prenom=>"David", :nom=>"Reynolds", :objet=>nil}]},
  director  = {Unkrich, Lee and Stanton, Andrew},
  publisher = {Walters, Graham},
  id        = {FindingNemo2003}
}


@Book{FirstBlood1982,
  title     = {First Blood},
  titlefr   = {Rambo},
  year      = {1982},
  country   = {us},
  author    = {[{:prenom=>"David", :nom=>"Morrell", :objet=>nil}, {:prenom=>"Michael", :nom=>"Kozoll", :objet=>nil}, {:prenom=>"William", :nom=>"Sackheim", :objet=>nil}, {:prenom=>"Sylvester", :nom=>"Stallone", :objet=>nil}]},
  director  = {Kotcheff, Ted},
  publisher = {Feitshans, Buzz},
  id        = {FirstBlood1982}
}


@Book{ForWhomTheBellTolls1943,
  title     = {For Whom the Bell Tolls},
  titlefr   = {Pour qui sonne le glas ?},
  year      = {1943},
  country   = {us},
  author    = {[{:prenom=>"Ernest", :nom=>"Hemingway", :objet=>nil}, {:prenom=>"Dudley", :nom=>"Nichols", :objet=>nil}]},
  director  = {Wood, Sam},
  publisher = {Wood, Sam},
  id        = {ForWhomTheBellTolls1943}
}


@Book{ForceMajeure1989,
  title     = {Force majeure},
  titlefr   = {},
  year      = {1989},
  country   = {fr},
  author    = {[{:nom=>"Schatzky", :prenom=>"Olivier"}, {:nom=>"Jolivet", :prenom=>"Pierre"}]},
  director  = {Jolivet, Pierre},
  publisher = {Claudon, Paul and de Broca, Michelle},
  id        = {ForceMajeure1989}
}


@Book{ForrestGump1994,
  title     = {Forrest Gump},
  titlefr   = {},
  year      = {1994},
  country   = {us},
  author    = {[{:prenom=>"Winston", :nom=>"Groom", :objet=>"roman"}, {:prenom=>"Eric", :nom=>"Roth", :objet=>"sc\u00E9nario"}]},
  director  = {Zemeckis, Robert},
  publisher = {Finerman , Wendy, Starkey , Steve and Tisch, Steve},
  id        = {ForrestGump1994}
}


@Book{FourWeddingsAndAFuneral1994,
  title     = {Four Weddings and a Funeral},
  titlefr   = {Quatre mariages et un enterrement},
  year      = {1994},
  country   = {en},
  author    = {[{:nom=>"Curtis", :prenom=>"Richard"}]},
  director  = {Newell, Mike},
  publisher = {Kenworthy, Duncan},
  id        = {FourWeddingsAndAFuneral1994}
}


@Book{Frequency2000,
  title     = {Frequency},
  titlefr   = {Fréquence interdite},
  year      = {2000},
  country   = {us},
  author    = {[{:prenom=>"Toby", :nom=>"Emmerich", :fonction=>nil}]},
  director  = {Hoblit, Gregory},
  publisher = {Carraro, Bill, Emmerich, Toby, Hoblit, Gregory and Koch, Hawk},
  id        = {Frequency2000}
}


@Book{GoodMorningVietnam1987,
  title     = {Good Morning, Vietnam},
  titlefr   = {},
  year      = {1987},
  country   = {us},
  author    = {[{:nom=>"Markowitz", :prenom=>"Mitch"}]},
  director  = {Levinson, Barry},
  publisher = {Brezner, Larry and Johnson, Mark},
  id        = {GoodMorningVietnam1987}
}


@Book{GoodWillHunting1997,
  title     = {Good Will Hunting},
  titlefr   = {Will Hunting},
  year      = {1997},
  country   = {us},
  author    = {[{:prenom=>"Matt", :nom=>"Damon", :objet=>nil}, {:prenom=>"Ben", :nom=>"Affleck", :objet=>nil}]},
  director  = {Van Sant, Gus},
  publisher = {Bender, Lawrence},
  id        = {GoodWillHunting1997}
}


@Book{Goodfellas1990,
  title     = {Goodfellas},
  titlefr   = {Les Affranchis},
  year      = {1990},
  country   = {us},
  author    = {[{:prenom=>"Nicholas", :nom=>"Pileggi"}, {:prenom=>"Martin", :nom=>"Scorsese"}]},
  director  = {Scorsese, Martin},
  publisher = {Winkler, Irwin},
  id        = {Goodfellas1990}
}


@Book{GroundhogDay1993,
  title     = {Groundhog Day},
  titlefr   = {Un Jour sans fin},
  year      = {1993},
  country   = {us},
  author    = {[{:nom=>"Rubin", :prenom=>"Danny"}, {:nom=>"Ramis", :prenom=>"Harold"}]},
  director  = {Ramis, Harold},
  publisher = {Albert, Trevor and Ramis, Harold},
  id        = {GroundhogDay1993}
}


@Book{Heat1995,
  title     = {Heat},
  titlefr   = {},
  year      = {1995},
  country   = {us},
  author    = {[{:prenom=>"Michael", :nom=>"Mann", :fonction=>""}]},
  director  = {Mann, Michael},
  publisher = {},
  id        = {Heat1995}
}


@Book{Her2013,
  title     = {Her},
  titlefr   = {},
  year      = {2013},
  country   = {us},
  author    = {[{:prenom=>"Spike", :nom=>"Jonze", :objet=>nil}]},
  director  = {Jonze, Spike},
  publisher = {Markey, Patrick and Redford, Robert},
  id        = {Her2013}
}


@Book{HerosMalgreLui1992,
  title     = {Hero},
  titlefr   = {Héros malgré lui},
  year      = {1992},
  country   = {us},
  author    = {[{:prenom=>"Laura", :nom=>"Ziskin", :objet=>nil}, {:prenom=>"Alvin", :nom=>"Sargent", :objet=>nil}, {:prenom=>"David Webb", :nom=>"Peoples", :objet=>nil}]},
  director  = {Frears, Stephen},
  publisher = {Ziskin, Laura},
  id        = {HerosMalgreLui1992}
}


@Book{HouseOfCards2013,
  title     = {House of Cards, Chapter 1},
  titlefr   = {},
  year      = {2013},
  country   = {us},
  author    = {[{:prenom=>"Michael", :nom=>"Dobbs", :objet=>"romans"}, {:prenom=>"Andrew", :nom=>"Davies", :objet=>"mini-s\u00E9rie"}, {:prenom=>"Beau", :nom=>"Willimon", :objet=>"cr\u00E9ation de la s\u00E9rie"}, {:prenom=>"Beau", :nom=>"Willimon", :objet=>"sc\u00E9nario"}]},
  director  = {Fincher, David},
  publisher = {McCarthy , Karyn, Huff , Keith and Carson, Jay},
  id        = {HouseOfCards2013}
}


@Book{HowToStealAMillion1966,
  title     = {How to Steal a Million},
  titlefr   = {Comment voler un million ?},
  year      = {1966},
  country   = {us},
  author    = {[{:prenom=>"George", :nom=>"Bradshaw", :objet=>nil}, {:prenom=>"Harry", :nom=>"Kurnitz", :objet=>nil}]},
  director  = {Wyler, William},
  publisher = {Kohlmar, Fred},
  id        = {HowToStealAMillion1966}
}


@Book{HungerGames2012,
  title     = {Hunger Games},
  titlefr   = {},
  year      = {2012},
  country   = {us},
  author    = {[{:prenom=>"Gary", :nom=>"Ross", :objet=>nil}, {:prenom=>"Suzanne", :nom=>"Collins ", :objet=>nil}, {:prenom=>"Billy", :nom=>"Ray", :objet=>nil}]},
  director  = {Ross, Gary},
  publisher = {Jacobson , Nina and Kilik, Jon},
  id        = {HungerGames2012}
}


@Book{IRobot2004,
  title     = {I, Robot},
  titlefr   = {},
  year      = {2004},
  country   = {us},
  author    = {[{:prenom=>"Isaac", :nom=>"Asimov", :objet=>"inspiration"}, {:prenom=>"Jeff", :nom=>"Vintar", :objet=>"histoire et sc\u00E9nario"}, {:prenom=>"Akiva", :nom=>"Goldsman ", :objet=>"sc\u00E9nario"}]},
  director  = {Proyas, Alex},
  publisher = {Davis , John, Dow , Topher, Godfrey, Wyck and Mark, Laurence},
  id        = {IRobot2004}
}


@Book{InTheMoodForLove2000,
  title     = {In the Mood for Love},
  titlefr   = {},
  year      = {2000},
  country   = {zh},
  author    = {[{:prenom=>"Kar-wai", :nom=>"Wong", :objet=>nil}]},
  director  = {Wong, Kar-wai},
  publisher = {Wong, Kar-wai},
  id        = {InTheMoodForLove2000}
}


@Book{IngloriousBasterds2009,
  title     = {Inglorious Basterds},
  titlefr   = {},
  year      = {2009},
  country   = {us},
  author    = {[{:prenom=>"Quentin", :nom=>"Tarentino", :objet=>nil}]},
  director  = {Tarentino, Quentin},
  publisher = {Bender, Lawrence},
  id        = {IngloriousBasterds2009}
}


@Book{InterviewWithTheVampire1994,
  title     = {Interview with the vampire},
  titlefr   = {Entretien avec un vampire},
  year      = {1994},
  country   = {us},
  author    = {[{:prenom=>"Anne", :nom=>"Rice", :fonction=>"roman et sc\u00E9nario"}]},
  director  = {Jordan, Neil},
  publisher = {Geffen, David and Woolley, Stephen},
  id        = {InterviewWithTheVampire1994}
}


@Book{Irreversible2002,
  title     = {Irréversible},
  titlefr   = {},
  year      = {2002},
  country   = {fr},
  author    = {[{:prenom=>"Gaspar", :nom=>"No\u00E9", :fonction=>""}]},
  director  = {Noé, Gaspar},
  publisher = {Rossignon, Christophe},
  id        = {Irreversible2002}
}


@Book{JMeSensPasBelle2004,
  title     = {J'me sens pas belle},
  titlefr   = {},
  year      = {2004},
  country   = {fr},
  author    = {[{:nom=>"Jeanjean", :prenom=>"Bernard"}]},
  director  = {Jeanjean, Bernard},
  publisher = {Adrian, Caroline, Goldstein, Fabrice and Rein, Antoine},
  id        = {JMeSensPasBelle2004}
}


@Book{Jaws1975,
  title     = {Jaws},
  titlefr   = {Les Dents de la mer},
  year      = {1975},
  country   = {us},
  author    = {[{:nom=>"Benchley", :prenom=>"Peter"}, {:nom=>"Gottlieb", :prenom=>"Carl"}]},
  director  = {Spielberg, Steven},
  publisher = {Zanuck, Richard D. and Brown, David},
  id        = {Jaws1975}
}


@Book{JupiterAscending2015,
  title     = {Jupiter Ascending},
  titlefr   = {Jupiter : Le destin de l’univers},
  year      = {2015},
  country   = {us},
  author    = {[{:prenom=>"Andy", :nom=>"Wachowski", :fonction=>nil}, {:prenom=>"Lana", :nom=>"Wachowski", :fonction=>nil}]},
  director  = {Wachowski, Lana and Wachowski, Andy},
  publisher = {Wachowski, Andy, Wachowski, Lana and Hill, Grant},
  id        = {JupiterAscending2015}
}


@Book{JurassicPark1993,
  title     = {Jurassic Park},
  titlefr   = {},
  year      = {1993},
  country   = {us},
  author    = {[{:prenom=>"Michael", :nom=>"Crichton", :objet=>nil}, {:prenom=>"David", :nom=>"Koepp", :objet=>nil}]},
  director  = {Spielberg, Steven},
  publisher = {Kennedy, Kathleen and Molen, Gerald R.},
  id        = {JurassicPark1993}
}


@Book{Kyanq1993,
  title     = {Kyanq},
  titlefr   = {Vie},
  year      = {1993},
  country   = {hy},
  author    = {[{:prenom=>"Artavazd", :nom=>"Peleshian", :fonction=>""}]},
  director  = {Peleshian, Artavazd},
  publisher = {Peleshian, Artavazd},
  id        = {Kyanq1993}
}


@Book{LarmeeDuCrime2009,
  title     = {L'Armée du crime},
  titlefr   = {},
  year      = {2009},
  country   = {fr},
  author    = {[{:prenom=>"Serge", :nom=>"Le P\u00E9ron", :objet=>nil}, {:prenom=>"Gilles", :nom=>"Taurand", :objet=>nil}]},
  director  = {Guédiguian, Robert},
  publisher = {Barneaud, Dominique},
  id        = {LarmeeDuCrime2009}
}


@Book{LEteEnPenteDouce1987,
  title     = {L'Été en pente douce},
  titlefr   = {},
  year      = {1987},
  country   = {fr},
  author    = {[{:prenom=>"Pierre", :nom=>"Pelot", :objet=>nil}, {:prenom=>"G\u00E9rard", :nom=>"Krawczyk", :objet=>nil}]},
  director  = {Krawczyk, Gérard},
  publisher = {Grenet, Bernard, Hommais, Pascal and Lepetit, Jean-François},
  id        = {LEteEnPenteDouce1987}
}


@Book{LaFemmeDefendue1997,
  title     = {La Femme défendue},
  titlefr   = {},
  year      = {1997},
  country   = {fr},
  author    = {[{:prenom=>"Philippe", :nom=>"Harel", :objet=>nil}, {:prenom=>"Eric", :nom=>"Assous", :objet=>nil}]},
  director  = {Harel, Philippe},
  publisher = {Guilloux, Michel},
  id        = {LaFemmeDefendue1997}
}


@Book{LaLeconDePiano1993,
  title     = {La Leçon de piano},
  titlefr   = {La Leçon de piano},
  year      = {1993},
  country   = {fr, au, nz},
  author    = {[{:prenom=>"Jane", :nom=>"Campion", :objet=>nil}]},
  director  = {Campion, Jane},
  publisher = {Chapman, Jan},
  id        = {LaLeconDePiano1993}
}


@Book{LaNuitAmericaine1973,
  title     = {La Nuit américaine},
  titlefr   = {},
  year      = {1973},
  country   = {fr},
  author    = {[{:nom=>"Schiffman", :prenom=>"Suzanne"}, {:nom=>"Richard", :prenom=>"Jean-Louis"}, {:nom=>"Truffaut", :prenom=>"Fran\u00E7ois"}]},
  director  = {Truffaut, François},
  publisher = {Berbert, Marcel},
  id        = {LaNuitAmericaine1973}
}


@Book{LaRegleDuJeu1939,
  title     = {La Règle du jeu},
  titlefr   = {},
  year      = {1939},
  country   = {fr},
  author    = {[{:prenom=>"Jean", :nom=>"Renoir", :objet=>nil}, {:prenom=>"Carl", :nom=>"Koch", :objet=>nil}]},
  director  = {Renoir, Jean},
  publisher = {Renoir, Jean},
  id        = {LaRegleDuJeu1939}
}


@Book{LawrenceOfArabia1962,
  title     = {Lawrence of Arabia},
  titlefr   = {Laurence d'Arabie},
  year      = {1962},
  country   = {en},
  author    = {[{:prenom=>"T.E.", :nom=>"Lawrence", :fonction=>"\u00C9crits"}, {:prenom=>"Robert", :nom=>"Bolt", :fonction=>"sc\u00E9nario"}, {:prenom=>"Michael", :nom=>"Wilson", :fonction=>""}]},
  director  = {Lean, David},
  publisher = {Harris, Robert A. and Spiegel, Sam},
  id        = {LawrenceOfArabia1962}
}


@Book{LeBossu1960,
  title     = {Le Bossu},
  titlefr   = {},
  year      = {1960},
  country   = {fr},
  author    = {[{:prenom=>"Paul", :nom=>"F\u00E9val", :objet=>nil}, {:prenom=>"Pierre", :nom=>"Foucaud", :objet=>nil}, {:prenom=>"Jean", :nom=>"Halain", :objet=>nil}, {:prenom=>"Andr\u00E9", :nom=>"Hunebelle", :objet=>nil}]},
  director  = {Hunebelle, André},
  publisher = {Cadéac, Paul},
  id        = {LeBossu1960}
}


@Book{LeCercleRouge1970,
  title     = {Le Cercle rouge},
  titlefr   = {},
  year      = {1970},
  country   = {fr},
  author    = {[{:prenom=>"Jean-Pierre", :nom=>"Melville", :objet=>nil}]},
  director  = {Melville, Jean-Pierre},
  publisher = {Dorfmann, Robert},
  id        = {LeCercleRouge1970}
}


@Book{LeCorniaud1965,
  title     = {Le Corniaud},
  titlefr   = {},
  year      = {1965},
  country   = {fr},
  author    = {[{:nom=>"Jullian", :prenom=>"Marcel"}, {:nom=>"Oury", :prenom=>"G\u00E9rard"}, {:nom=>"Tabet", :prenom=>"Andr\u00E9"}, {:nom=>"Tabet", :prenom=>"Georges"}]},
  director  = {Oury, Gérard},
  publisher = {Laplanche, Yves and Provenzale, Enzo},
  id        = {LeCorniaud1965}
}


@Book{LeDernierPourLaRoute2009,
  title     = {Le Dernier pour la route},
  titlefr   = {},
  year      = {2009},
  country   = {fr},
  author    = {[{:prenom=>"Herv\u00E9", :nom=>"Chabalier", :fonction=>"roman autobiographique"}, {:prenom=>"Philippe", :nom=>"Godeau", :fonction=>"sc\u00E9nario"}]},
  director  = {Godeau, Philippe},
  publisher = {Godeau, Philippe},
  id        = {LeDernierPourLaRoute2009}
}


@Book{LeDinerDeCons1998,
  title     = {Le Diner de cons},
  titlefr   = {},
  year      = {1998},
  country   = {fr},
  author    = {[{:prenom=>"Francis", :nom=>"Veber", :objet=>nil}]},
  director  = {Veber, Francis},
  publisher = {Poiré, Alain},
  id        = {LeDinerDeCons1998}
}


@Book{LeFabuleuxDestinDameliePoulain2001,
  title     = {Le Fabuleux destin d'Amélie Poulain},
  titlefr   = {},
  year      = {2001},
  country   = {fr},
  author    = {[{:prenom=>"Guillaume", :nom=>"Laurant", :objet=>"sc\u00E9nario et dialogue"}, {:prenom=>"Jean-Pierre", :nom=>"Jeunet", :objet=>"sc\u00E9nario"}]},
  director  = {Jeunet, Jean-Pierre},
  publisher = {Deschamps, Jean-Marc},
  id        = {LeFabuleuxDestinDameliePoulain2001}
}


@Book{LeGrandBleu1988,
  title     = {Le Grand bleu},
  titlefr   = {},
  year      = {1988},
  country   = {fr, us, it},
  author    = {[{:prenom=>"Luc", :nom=>"Besson", :objet=>"Histoire et sc\u00E9nario"}, {:prenom=>"Robert", :nom=>"Garland", :objet=>"sc\u00E9nario"}, {:prenom=>"Marilyn", :nom=>"Goldin", :objet=>"sc\u00E9nario"}, {:prenom=>"Jacques", :nom=>"Mayol", :objet=>"sc\u00E9nario"}, {:prenom=>"Marc", :nom=>"Perrier", :objet=>"sc\u00E9nario"}]},
  director  = {Besson, Luc},
  publisher = {Ledoux, Patrice},
  id        = {LeGrandBleu1988}
}


@Book{LeMiroirADeuxFaces1958,
  title     = {Le Miroir à deux faces},
  titlefr   = {},
  year      = {1958},
  country   = {fr, it},
  author    = {[{:nom=>"Cayatte", :prenom=>"Andr\u00E9"}, {:nom=>"Meckert", :prenom=>"Jean"}, {:nom=>"Oury", :prenom=>"G\u00E9rard"}, {:nom=>"Perret", :prenom=>"Denis"}]},
  director  = {Cayatte, André},
  publisher = {Poiré, Alain and Deutschmeister, Henry},
  id        = {LeMiroirADeuxFaces1958}
}


@Book{LePacteDesLoups2001,
  title     = {Le Pacte des loups},
  titlefr   = {},
  year      = {2001},
  country   = {fr},
  author    = {[{:prenom=>"St\u00E9phane", :nom=>"Cabel", :objet=>nil}, {:prenom=>"Christophe", :nom=>"Gans", :objet=>nil}]},
  director  = {Gans, Christophe},
  publisher = {Grandpierre, Richard and Hadida, Samuel},
  id        = {LePacteDesLoups2001}
}


@Book{LePianiste2002,
  title     = {Le Pianiste},
  titlefr   = {},
  year      = {2002},
  country   = {fr, pl, de, en},
  author    = {[{:prenom=>"Wladyslaw", :nom=>"Szpilman", :objet=>nil}, {:prenom=>"Ronald", :nom=>"Harwood", :objet=>nil}]},
  director  = {Polanski, Roman},
  publisher = {Benmussa, Robert and Polanski, Roman},
  id        = {LePianiste2002}
}


@Book{LeProfessionnel1981,
  title     = {Le Professionnel},
  titlefr   = {},
  year      = {1981},
  country   = {fr},
  author    = {[{:nom=>"Alexander", :prenom=>"Patrick"}, {:nom=>"Audiard", :prenom=>"Michel"}, {:nom=>"Lautner", :prenom=>"Georges"}]},
  director  = {Lautner, Georges},
  publisher = {Belmondo, Alain},
  id        = {LeProfessionnel1981}
}


@Book{LeVerdict1974,
  title     = {Le Verdict},
  titlefr   = {},
  year      = {1974},
  country   = {fr},
  author    = {[{:prenom=>"Paul", :nom=>"Andr\u00E9ota", :objet=>nil}, {:prenom=>"Andr\u00E9", :nom=>"Cayatte", :objet=>nil}, {:prenom=>"Henri", :nom=>"Coupon", :objet=>nil}, {:prenom=>"Pierre", :nom=>"Dumayet", :objet=>nil}]},
  director  = {Cayatte, André},
  publisher = {Ponti, Carlo},
  id        = {LeVerdict1974}
}


@Book{LesEnfantsDuMarais1999,
  title     = {Les Enfants du marais},
  titlefr   = {},
  year      = {1999},
  country   = {fr},
  author    = {[{:prenom=>"Georges", :nom=>"Montforez", :objet=>nil}, {:prenom=>"S\u00E9bastien", :nom=>"Japrisot", :objet=>nil}]},
  director  = {Becker, Jean},
  publisher = {Fechner, Christian and Truffaut, Hervé},
  id        = {LesEnfantsDuMarais1999}
}


@Book{LesMalheursDAlfred1972,
  title     = {Les Malheurs d'Alfred},
  titlefr   = {},
  year      = {1972},
  country   = {fr},
  author    = {[{:nom=>"Richard", :prenom=>"Pierre"}, {:nom=>"Robert", :prenom=>"Yves"}, {:nom=>"Ruellan", :prenom=>"Andr\u00E9"}, {:nom=>"Topor", :prenom=>"Roland"}]},
  director  = {Richard, Pierre},
  publisher = {Poiré, Alain and Robert, Yves},
  id        = {LesMalheursDAlfred1972}
}


@Book{LesUnsEtLesAutres1981,
  title     = {Les Uns et les autres},
  titlefr   = {},
  year      = {1981},
  country   = {fr},
  author    = {[{:prenom=>"Claude", :nom=>"Lelouche", :objet=>nil}]},
  director  = {Lelouche, Claude},
  publisher = {Lelouch, Claude},
  id        = {LesUnsEtLesAutres1981}
}


@Book{LittleMissSunshine2006,
  title     = {Little Miss Sunshine},
  titlefr   = {},
  year      = {2006},
  country   = {us},
  author    = {[{:prenom=>"Michael", :nom=>"Arndt", :objet=>nil}]},
  director  = {Dayton, Jonathan and Faris, Valerie},
  publisher = {Berger, Albert, Friendly, David T., Sharaf, Peter, Turtletaub, Marc and Yerxa, Ron},
  id        = {LittleMissSunshine2006}
}


@Book{LordOfTheRings2001,
  title     = {Lord Of The Rings},
  titlefr   = {Le Seigneur des anneaux},
  year      = {2001},
  country   = {us},
  author    = {[{:prenom=>"J.R.R.", :nom=>"Tolkien", :objet=>nil}, {:prenom=>"Fran", :nom=>"Walsh", :objet=>nil}, {:prenom=>"Philippa", :nom=>"Boyens", :objet=>nil}, {:prenom=>"Peter", :nom=>"Jackson", :objet=>nil}]},
  director  = {Jackson, Peter},
  publisher = {Jackson, Peter, Osborne, Barrie M., Sanders, Tim and Walsh, Fran},
  id        = {LordOfTheRings2001}
}


@Book{LostHighway1997,
  title     = {Lost Highway},
  titlefr   = {},
  year      = {1997},
  country   = {us},
  author    = {[{:prenom=>"David", :nom=>"Lynch", :objet=>nil}, {:prenom=>"Barry", :nom=>"Gifford", :objet=>nil}]},
  director  = {Lynch, David},
  publisher = {Nayar, Deepak, Sternberg, Tom and Sweeney, Mary},
  id        = {LostHighway1997}
}


@Book{LucieAubrac1999,
  title     = {Lucie Aubrac},
  titlefr   = {},
  year      = {1999},
  country   = {fr},
  author    = {[{:prenom=>"Lucie", :nom=>"Aubrac", :objet=>nil}, {:prenom=>"Claude", :nom=>"Berry", :objet=>nil}]},
  director  = {Berry, Claude},
  publisher = {Berry, Claude and Grunstein, Pierre},
  id        = {LucieAubrac1999}
}


@Book{Leon1994,
  title     = {Léon},
  titlefr   = {},
  year      = {1994},
  country   = {fr},
  author    = {[{:nom=>"Besson", :prenom=>"Luc"}]},
  director  = {Besson, Luc},
  publisher = {Ledoux, Patrick, Besson, Luc and Besson, Claude},
  id        = {Leon1994}
}


@Book{Madeo2009,
  title     = {Madeo},
  titlefr   = {Mother},
  year      = {2009},
  country   = {ko},
  author    = {[{:prenom=>"Joon-ho", :nom=>"Bong", :objet=>nil}, {:prenom=>"Eun-kyo", :nom=>"Park", :objet=>nil}]},
  director  = {Bong, Joon-ho},
  publisher = {Moon, Yang-kwon, Park, Tae-joon and Seo, Woo-sik},
  id        = {Madeo2009}
}


@Book{Magnolia1999,
  title     = {Magnolia},
  titlefr   = {},
  year      = {1999},
  country   = {us},
  author    = {[{:prenom=>"Paul Thomas", :nom=>"Anderson", :objet=>nil}]},
  director  = {Anderson, Paul Thomas},
  publisher = {Anderson , Paul Thomas and Sellar, JoAnne},
  id        = {Magnolia1999}
}


@Book{MariasLovers1984,
  title     = {Maria’s Lovers},
  titlefr   = {},
  year      = {1984},
  country   = {us},
  author    = {[{:prenom=>"G\u00E9rard", :nom=>"Brach", :objet=>nil}, {:prenom=>"Andrey", :nom=>"Konchalovskiy", :objet=>nil}, {:prenom=>"Paul", :nom=>"Zindel", :objet=>nil}, {:prenom=>"Marjorie", :nom=>"David", :objet=>nil}]},
  director  = {Konchalovskiy, Andrey},
  publisher = {Djordjevic, Bosko and Taylor-Mortoff, Lawrence},
  id        = {MariasLovers1984}
}


@Book{Marius1931,
  title     = {Marius},
  titlefr   = {},
  year      = {1931},
  country   = {fr},
  author    = {[{:nom=>"Pagnol", :prenom=>"Marcel"}]},
  director  = {Korda, Alexander and Pagnol, Marcel},
  publisher = {Kane, Robert and Pagnol, Marcel},
  id        = {Marius1931}
}


@Book{MarvinsRoom1996,
  title     = {Marvin’s Room},
  titlefr   = {},
  year      = {1996},
  country   = {us},
  author    = {[{:prenom=>"Scott", :nom=>"McPherson", :fonction=>"Pi\u00E8ce de th\u00E9\u00E2tre"}, {:prenom=>"Scott", :nom=>"McPherson", :fonction=>"Sc\u00E9nario"}]},
  director  = {Zaks, Jerry},
  publisher = {Rosenthal, Jane, Rudin, Scott and De Niro, Robert},
  id        = {MarvinsRoom1996}
}


@Book{Matrix1999,
  title     = {Matrix},
  titlefr   = {},
  year      = {1999},
  country   = {us},
  author    = {[{:prenom=>"Lilly", :nom=>"Wachowski,", :objet=>nil}, {:prenom=>"Lana", :nom=>"Wachowski", :objet=>nil}]},
  director  = {Wachowski, Lana and Wachowski,  Lilly},
  publisher = {Silver, Joel},
  id        = {Matrix1999}
}


@Book{MauvaisesFrequentations1999,
  title     = {Mauvaises fréquentations},
  titlefr   = {},
  year      = {1999},
  country   = {fr},
  author    = {[{:nom=>"Layrac", :prenom=>"Alain"}]},
  director  = {Améris, Jean-Pierre},
  publisher = {Sarde, Alain and Godeau, Philippe},
  id        = {MauvaisesFrequentations1999}
}


@Book{Melancholia2011,
  title     = {Melancholia},
  titlefr   = {},
  year      = {2011},
  country   = {da, sw, fr, en},
  author    = {[{:prenom=>"Lars", :nom=>"Von Trier", :objet=>nil}]},
  director  = {Von Trier, Lars},
  publisher = {Foldager, Meta Louise and Vesth, Louise},
  id        = {Melancholia2011}
}


@Book{Memento2000,
  title     = {Memento},
  titlefr   = {},
  year      = {2000},
  country   = {us},
  author    = {[{:prenom=>"Jonathan", :nom=>"Nolan", :objet=>"Nouvelle"}, {:prenom=>"Christopher", :nom=>"Nolan", :objet=>"Sc\u00E9nario"}]},
  director  = {Nolan, Christopher},
  publisher = {Todd, Jennifer and Todd, Suzanne},
  id        = {Memento2000}
}


@Book{Metropolis1927,
  title     = {Metropolis},
  titlefr   = {Métropolis},
  year      = {1927},
  country   = {de},
  author    = {[{:prenom=>"Thea", :nom=>"Von Harbou", :objet=>nil}, {:prenom=>"Fritz", :nom=>"Lang", :objet=>nil}]},
  director  = {Lang, Fritz},
  publisher = {Pommer, Erich and Moroder (restauration de 1984), Giorgio},
  id        = {Metropolis1927}
}


@Book{MicrocosmosLePeupleDeLHerbe1996,
  title     = {Microcosmos, le peuple de l'herbe},
  titlefr   = {},
  year      = {1996},
  country   = {fr, ch, it},
  author    = {[{:nom=>"Nuridsany", :prenom=>"Claude"}, {:nom=>"P\u00E9rennou", :prenom=>"Marie"}]},
  director  = {Nuridsany, Claude and Pérennou, Marie},
  publisher = {Barratier, Christophe, Mallet, Yvette and Perrin Jacques, },
  id        = {MicrocosmosLePeupleDeLHerbe1996}
}


@Book{MidnightExpress1978,
  title     = {Midnight Express},
  titlefr   = {},
  year      = {1978},
  country   = {en},
  author    = {[{:prenom=>"Billy", :nom=>"Hayes", :objet=>nil}, {:prenom=>"William", :nom=>"Hoffer", :objet=>nil}, {:prenom=>"Oliver", :nom=>"Stone", :objet=>nil}]},
  director  = {Parker, Alan},
  publisher = {Marshall, Alan and Puttman, David},
  id        = {MidnightExpress1978}
}


@Book{MillionDollarBaby2004,
  title     = {Million Dollar Baby},
  titlefr   = {},
  year      = {2004},
  country   = {us},
  author    = {[{:prenom=>"F.X.", :nom=>"Tool", :fonction=>nil}, {:prenom=>"Paul", :nom=>"Haggins", :fonction=>nil}]},
  director  = {Eastwood, Clint},
  publisher = {Rosenberg, Tom, S. ruddy, Albert, Haggins, Paul and Eastwood, Clint},
  id        = {MillionDollarBaby2004}
}


@Book{MinorityReport2002,
  title     = {Minority Report},
  titlefr   = {},
  year      = {2002},
  country   = {us},
  author    = {[{:prenom=>"Philip K.", :nom=>"Dick", :objet=>nil}, {:prenom=>"Scott", :nom=>"Frank", :objet=>nil}, {:prenom=>"Jon", :nom=>"Cohen", :objet=>nil}]},
  director  = {Spielberg, Steven},
  publisher = {de Bont, Jan, Curtis, Bonnie, Molen, Gerald R. and Parkes, Walter F.},
  id        = {MinorityReport2002}
}


@Book{Misery1990,
  title     = {Misery},
  titlefr   = {},
  year      = {1990},
  country   = {us},
  author    = {[{:prenom=>"Stephen", :nom=>"King", :objet=>"roman"}, {:prenom=>"William", :nom=>"Goldman", :objet=>"sc\u00E9nario"}]},
  director  = {Reiner, Rob},
  publisher = {Reiner , Rob and Scheinman, Andrew},
  id        = {Misery1990}
}


@Book{ModernTimes1936,
  title     = {Modern Times},
  titlefr   = {Les Temps modernes},
  year      = {1936},
  country   = {us},
  author    = {[{:nom=>"Chaplin", :prenom=>"Charles"}]},
  director  = {Chaplin, Charles},
  publisher = {Chaplin, Charles},
  id        = {ModernTimes1936}
}


@Book{MonstersInc2001,
  title     = {Monsters, inc.},
  titlefr   = {Monstres et cie},
  year      = {2001},
  country   = {us},
  author    = {[{:prenom=>"Pete", :nom=>"Docter"}, {:prenom=>"Jill", :nom=>"Culton"}, {:prenom=>"Jeff", :nom=>"Pidgeon"}, {:prenom=>"Ralph", :nom=>"Eggleston"}]},
  director  = {Docter, Pete, Silverman, David and Unkrich, Lee},
  publisher = {Anderson, Darla K.},
  id        = {MonstersInc2001}
}


@Book{MorteAVenezia1971,
  title     = {Morte a Venezia},
  titlefr   = {Mort à Venise},
  year      = {1971},
  country   = {it, fr},
  author    = {[{:prenom=>"Thomas", :nom=>"Mann", :objet=>"nouvelle"}, {:prenom=>"Luchino", :nom=>"Visconti", :objet=>"sc\u00E9nario"}, {:prenom=>"Nicola", :nom=>"Badalucco", :objet=>"sc\u00E9nario"}]},
  director  = {Visconti, Luchino},
  publisher = {Visconti, Luchino},
  id        = {MorteAVenezia1971}
}


@Book{MortelleRandonnee1983,
  title     = {Mortelle Randonnée},
  titlefr   = {},
  year      = {1983},
  country   = {fr},
  author    = {[{:prenom=>"Marc", :nom=>"Behm", :objet=>nil}, {:prenom=>"Michel", :nom=>"Audiard", :objet=>nil}, {:prenom=>"Jacques", :nom=>"Audiard", :objet=>nil}]},
  director  = {Miller, Claude},
  publisher = {Gassot, Charles and Grenet, Bernard},
  id        = {MortelleRandonnee1983}
}


@Book{MoulinRouge2001,
  title     = {Moulin rouge !},
  titlefr   = {Moulin rouge !},
  year      = {2001},
  country   = {au},
  author    = {[{:prenom=>"Baz", :nom=>"Luhrmann", :fonction=>""}, {:prenom=>"Craig", :nom=>"Pearce", :fonction=>""}]},
  director  = {Luhrmann, Baz},
  publisher = {Baron, Fred, Brown, Martin and Luhrmann, Baz},
  id        = {MoulinRouge2001}
}


@Book{MulhollandDr2001,
  title     = {Mulholland Dr.},
  titlefr   = {Mulholland Drive},
  year      = {2001},
  country   = {fr, us},
  author    = {[{:nom=>"Lynch", :prenom=>"David"}]},
  director  = {Lynch, David},
  publisher = {Edelstein, Neal, Krantz, Tony, Polaire, Michael, Sarde, Alain and Sweeney, Mary},
  id        = {MulhollandDr2001}
}


@Book{NaturalBornKillers1994,
  title     = {Natural Born Killers},
  titlefr   = {},
  year      = {1994},
  country   = {us},
  author    = {[{:prenom=>"Quentin", :nom=>"Tarantino", :fonction=>nil}, {:prenom=>"David", :nom=>"Veloz", :fonction=>nil}, {:prenom=>"Richard", :nom=>"Rutowski", :fonction=>nil}, {:prenom=>"Oliver", :nom=>"Stone", :fonction=>nil}]},
  director  = {Stone, Oliver},
  publisher = {Hamsher, Jane, Murphy, Don and Townsend, Clayton},
  id        = {NaturalBornKillers1994}
}


@Book{NettoyageASec1997,
  title     = {Nettoyage à sec},
  titlefr   = {},
  year      = {1997},
  country   = {fr, es},
  author    = {[{:prenom=>"Gilles", :nom=>"Taurand", :objet=>nil}, {:prenom=>"Anne", :nom=>"Fontaine", :objet=>nil}]},
  director  = {Fontaine, Anne},
  publisher = {Sarde, Alain and Carcassonne, Philippe},
  id        = {NettoyageASec1997}
}


@Book{Noah2014,
  title     = {Noah},
  titlefr   = {Noé},
  year      = {2014},
  country   = {us},
  author    = {[{:prenom=>"Darren", :nom=>"Aronofsky", :fonction=>"Sc\u00E9nario"}, {:prenom=>"Ari", :nom=>"Handel", :fonction=>"Sc\u00E9nario"}]},
  director  = {Aronofsky, Darren},
  publisher = {Aronofsky, Darren, Franklin, Scott, Milchan, Arnon and Parent, Mary},
  id        = {Noah2014}
}


@Book{NorthByNorthwest1959,
  title     = {North by Northwest},
  titlefr   = {La Mort aux trousses},
  year      = {1959},
  country   = {us},
  author    = {[{:nom=>"Lehman", :prenom=>"Ernest"}]},
  director  = {Hitchcock, Alfred},
  publisher = {Hitchcock, Alfred and Coleman, Herbert},
  id        = {NorthByNorthwest1959}
}


@Book{NotreHistoire1984,
  title     = {Notre Histoire},
  titlefr   = {},
  year      = {1984},
  country   = {fr},
  author    = {[{:nom=>"Blier", :prenom=>"Bertrand"}]},
  director  = {Blier, Bertrand},
  publisher = {Sarde, Alain},
  id        = {NotreHistoire1984}
}


@Book{OrdinaryPeople1980,
  title     = {Ordinary People},
  titlefr   = {Des gens comme les autres},
  year      = {1980},
  country   = {us},
  author    = {[{:prenom=>"Judith", :nom=>"Guest", :objet=>"roman"}, {:prenom=>"Alvin", :nom=>"Sargent", :objet=>"sc\u00E9nario"}]},
  director  = {Redford, Robert},
  publisher = {Schwary, Ronald L.},
  id        = {OrdinaryPeople1980}
}


@Book{OutOfAfrica1985,
  title     = {Out of Africa},
  titlefr   = {Out of Africa, souvenirs d'Afrique},
  year      = {1985},
  country   = {us},
  author    = {[{:prenom=>"Karen", :nom=>"Blixen", :objet=>"\u00C9crits"}, {:prenom=>"Judith", :nom=>"Thurman", :objet=>"Livre"}, {:prenom=>"Errol", :nom=>"Trzebinski", :objet=>"Livre"}, {:prenom=>"Kurt", :nom=>"Luedtke", :objet=>"Sc\u00E9nario"}]},
  director  = {Pollack, Sydney},
  publisher = {Pollack, Sydney},
  id        = {OutOfAfrica1985}
}


@Book{Papillon1973,
  title     = {Papillon},
  titlefr   = {},
  year      = {1973},
  country   = {us},
  author    = {[{:prenom=>"Henri", :nom=>"Charri\u00E8re", :fonction=>"Roman"}, {:prenom=>"Dalton", :nom=>"Trumbo", :fonction=>"Sc\u00E9nario"}, {:prenom=>"Lorenzo", :nom=>"Semple Jr.", :fonction=>"Sc\u00E9nario"}]},
  director  = {Schaffner, Franklin J.},
  publisher = {Dorfmann, Robert, Schaffner, Franklin J. and Wolf, Emanuel L.},
  id        = {Papillon1973}
}


@Book{PayItForward2000,
  title     = {Pay It Forward},
  titlefr   = {Un Monde meilleur},
  year      = {2000},
  country   = {us},
  author    = {[{:prenom=>"Catherine", :nom=>"Ryan Hyde", :objet=>nil}, {:prenom=>"Leslie", :nom=>"Dixon", :objet=>nil}]},
  director  = {Leder, Mimi},
  publisher = {Abrams, Peter, Levy, Robert L. and Reuther, Steven},
  id        = {PayItForward2000}
}


@Book{Pickpocket1959,
  title     = {Pickpocket},
  titlefr   = {},
  year      = {1959},
  country   = {fr},
  author    = {[{:prenom=>"Robert", :nom=>"Bresson", :objet=>nil}]},
  director  = {Bresson, Robert},
  publisher = {Delahaie, Agnès},
  id        = {Pickpocket1959}
}


@Book{Precious2009,
  title     = {Precious},
  titlefr   = {},
  year      = {2009},
  country   = {us},
  author    = {[{:prenom=>"Geoffrey", :nom=>"Fletcher", :objet=>nil}, {:prenom=>"Sapphire,", :nom=>nil, :objet=>nil}]},
  director  = {Daniels, Lee},
  publisher = {Daniels,, Lee and Magness, Gary},
  id        = {Precious2009}
}


@Book{PresumedInnocent1990,
  title     = {Presumed Innocent},
  titlefr   = {Présumé innocent},
  year      = {1990},
  country   = {us},
  author    = {[{:nom=>"Turow", :prenom=>"Scott"}, {:nom=>"Pierson", :prenom=>"Franck"}, {:nom=>"Pakula", :prenom=>"Alan J."}]},
  director  = {Pakula, Alan J.},
  publisher = {Pollack, Sydney and Rosenberg, Mark},
  id        = {PresumedInnocent1990}
}


@Book{PrettyWoman1990,
  title     = {Pretty Woman},
  titlefr   = {},
  year      = {1990},
  country   = {us},
  author    = {[{:nom=>"Lawton", :prenom=>"J.F."}]},
  director  = {Marshall, Garry},
  publisher = {Arnon, Milchan and Reuther, Steven},
  id        = {PrettyWoman1990}
}


@Book{PrimalFear1996,
  title     = {Primal Fear},
  titlefr   = {Peur primale},
  year      = {1996},
  country   = {us},
  author    = {[{:prenom=>"William", :nom=>"Diehl", :objet=>nil}, {:prenom=>"Steve", :nom=>"Shagan", :objet=>nil}, {:prenom=>"Ann", :nom=>"Biderman", :objet=>nil}]},
  director  = {Hoblit, Gregory},
  publisher = {Lucchesi, Gary and McMinn, Robert},
  id        = {PrimalFear1996}
}


@Book{PulpFiction1994,
  title     = {Pulp Fiction},
  titlefr   = {},
  year      = {1994},
  country   = {us},
  author    = {[{:prenom=>"Quentin", :nom=>"Tarentino", :objet=>nil}, {:prenom=>"Roger", :nom=>"Avary", :objet=>nil}]},
  director  = {Tarentino, Quentin},
  publisher = {Bender, Lawrence},
  id        = {PulpFiction1994}
}


@Book{RainMan1988,
  title     = {Rain Man},
  titlefr   = {},
  year      = {1988},
  country   = {us},
  author    = {[{:nom=>"Morrow", :prenom=>"Barry"}, {:nom=>"Bass", :prenom=>"Ronald"}]},
  director  = {Levinson, Barry},
  publisher = {Johnson, Mark},
  id        = {RainMan1988}
}


@Book{RearWindow1954,
  title     = {Rear Window},
  titlefr   = {Fenêtre sur cour},
  year      = {1954},
  country   = {us},
  author    = {[{:prenom=>"Cornell", :nom=>"Woolrich", :objet=>nil}, {:prenom=>"John Michael", :nom=>"Hayes", :objet=>nil}]},
  director  = {Hitchcock, Alfred},
  publisher = {Hitchcock, Alfred},
  id        = {RearWindow1954}
}


@Book{RegardingHenri1991,
  title     = {Regarding Henri},
  titlefr   = {À propos d'Henri},
  year      = {1991},
  country   = {us},
  author    = {[{:prenom=>"J.J.", :nom=>"Abrams", :fonction=>""}]},
  director  = {Nichols, Mike},
  publisher = {Nichols, Mike and Rudin, Scott},
  id        = {RegardingHenri1991}
}


@Book{RequiemForADream2000,
  title     = {Requiem for a dream},
  titlefr   = {},
  year      = {2000},
  country   = {us},
  author    = {[{:prenom=>"Hubert", :nom=>"Selby Jr.", :objet=>nil}, {:prenom=>"Darren", :nom=>"Aronofsky", :objet=>nil}]},
  director  = {Aronofsky, Darren},
  publisher = {Watson, Eric and West, Palmer},
  id        = {RequiemForADream2000}
}


@Book{ReservoirDog1992,
  title     = {Reservoir Dogs},
  titlefr   = {},
  year      = {1992},
  country   = {us},
  author    = {[{:nom=>"Tarantino", :prenom=>"Quentin"}, {:nom=>"Avary", :prenom=>"Roger"}]},
  director  = {Tarantino, Quentin},
  publisher = {Bender, Lawrence},
  id        = {ReservoirDog1992}
}


@Book{RoadToPerdition2002,
  title     = {Road to Perdition},
  titlefr   = {Les Chemins de la perdition},
  year      = {2002},
  country   = {us},
  author    = {[{:prenom=>"David", :nom=>"Self", :objet=>nil}, {:prenom=>"Max Allan", :nom=>"Collins", :objet=>nil}, {:prenom=>"Richard Piers", :nom=>"Rayner", :objet=>nil}, {:prenom=>",", :nom=>nil, :objet=>nil}]},
  director  = {Mendes, Sam},
  publisher = {Zanuck, Richard D., Zanuck, Dean and Mendes, Sam},
  id        = {RoadToPerdition2002}
}


@Book{Robots2005,
  title     = {Robots},
  titlefr   = {},
  year      = {2005},
  country   = {us},
  author    = {[{:prenom=>"Ron", :nom=>"Mita", :objet=>nil}, {:prenom=>"Jim", :nom=>"McClain", :objet=>nil}, {:prenom=>"David", :nom=>"Lindsay-Abaire", :objet=>nil}, {:prenom=>"Lowell", :nom=>"Ganz", :objet=>nil}, {:prenom=>"Babaloo", :nom=>"Mandel", :objet=>nil}]},
  director  = {Wedge, Chris and Saldanha, Carlos},
  publisher = {Davis, Jerry, Donkin, John C. and Joyce, William},
  id        = {Robots2005}
}


@Book{Rocky1976,
  title     = {Rocky},
  titlefr   = {},
  year      = {1976},
  country   = {us},
  author    = {[{:prenom=>"Sylvester", :nom=>"Stallone", :objet=>nil}]},
  director  = {Avildsen, John G.},
  publisher = {Chartoff, Robert and Winkler, Irwin},
  id        = {Rocky1976}
}


@Book{Rosetta1999,
  title     = {Rosetta},
  titlefr   = {},
  year      = {1999},
  country   = {fr, be},
  author    = {[{:prenom=>"Jean-Pierre", :nom=>"Dardenne", :objet=>nil}, {:prenom=>"Luc", :nom=>"Dardenne", :objet=>nil}]},
  director  = {Dardenne, Jean-Pierre and Dardenne, Luc},
  publisher = {Dardenne, Jean-Pierre, Dardenne, Luc, Pétin, Laurent and Pétin, Michèle},
  id        = {Rosetta1999}
}


@Book{Rubber2010,
  title     = {Rubber},
  titlefr   = {},
  year      = {2010},
  country   = {fr},
  author    = {[{:prenom=>"Quentin", :nom=>"Dupieux", :objet=>nil}]},
  director  = {Dupieux, Quentin},
  publisher = {Berlan , Julien and Bernard, Gregory},
  id        = {Rubber2010}
}


@Book{SavingPrivateRyan1998,
  title     = {Saving Private Ryan},
  titlefr   = {Il faut sauver le soldat Ryan},
  year      = {1998},
  country   = {us},
  author    = {[{:prenom=>"Robert", :nom=>"Rodat", :objet=>nil}]},
  director  = {Steven, Spielberg},
  publisher = {Bryce, Ian, Gordon, Mark, Levinsohn, Gary and Spielberg, Steven},
  id        = {SavingPrivateRyan1998}
}


@Book{Seabiscuit2003,
  title     = {Seabiscuit},
  titlefr   = {Pur sang, la légende de Seabiscuit},
  year      = {2003},
  country   = {us},
  author    = {[{:prenom=>"Laura", :nom=>"Hillenbrand", :fonction=>"roman"}, {:prenom=>"Gary", :nom=>"Ross", :fonction=>"sc\u00E9nario"}]},
  director  = {Ross, Gary},
  publisher = {Kennedy, Kathleen, Marshall, Frank, Ross, Gary and Sindell, Jane},
  id        = {Seabiscuit2003}
}


@Book{Seven1995,
  title     = {Seven},
  titlefr   = {},
  year      = {1995},
  country   = {us},
  author    = {[{:prenom=>"Andrew Kevin", :nom=>"Walker", :objet=>nil}]},
  director  = {Fincher, David},
  publisher = {Carlyle, Phyllis and Kopelson, Arnold},
  id        = {Seven1995}
}


@Book{SevenPounds2008,
  title     = {Seven Pounds},
  titlefr   = {Sept vies},
  year      = {2008},
  country   = {us},
  author    = {[{:prenom=>"Grant", :nom=>"Nieporte", :fonction=>nil}]},
  director  = {Muccino, Gabriele},
  publisher = {Black, Todd, Blumenthal, Jason, Lassiter, James, Smith, Will and Tisch, Steve},
  id        = {SevenPounds2008}
}


@Book{ShichininNoSamurai1954,
  title     = {Shichinin no samurai},
  titlefr   = {Les Sept Samouraïs},
  year      = {1954},
  country   = {jp},
  author    = {[{:prenom=>"Akira", :nom=>"Kurosawa", :fonction=>""}, {:prenom=>"Shinobu", :nom=>"Hashimoto", :fonction=>""}, {:prenom=>"Hideo", :nom=>"Oguni", :fonction=>""}]},
  director  = {Kurosawa, Akira},
  publisher = {Motoki, Sôjirô},
  id        = {ShichininNoSamurai1954}
}


@Book{ShortCuts1993,
  title     = {Short Cuts},
  titlefr   = {Short Cuts, les Américains},
  year      = {1993},
  country   = {us},
  author    = {[{:prenom=>"Raymond", :nom=>"Carver", :objet=>"\u00C9crits"}, {:prenom=>"Robert", :nom=>"Altman", :objet=>"sc\u00E9nario"}, {:prenom=>"Frank", :nom=>"Barhydt", :objet=>"sc\u00E9nario"}]},
  director  = {Altman, Robert},
  publisher = {Brokaw, Cary},
  id        = {ShortCuts1993}
}


@Book{SibirskiyTsiryulnik1998,
  title     = {Sibirskiy tsiryulnik},
  titlefr   = {Le Barbier de Sibérie},
  year      = {1998},
  country   = {ru, fr, it, cz},
  author    = {[{:nom=>"Mikhalkov", :prenom=>"Nikita"}, {:nom=>"Ibragimbekov", :prenom=>"Rustam"}, {:nom=>"Pallenberg", :prenom=>"Rospo"}]},
  director  = {Mikhalkov, Nikita},
  publisher = {Seydoux, Michel and Mikhalkov, Nikita},
  id        = {SibirskiyTsiryulnik1998}
}


@Book{SlumdogMillionnaire2008,
  title     = {Slumdog Millionnaire},
  titlefr   = {},
  year      = {2008},
  country   = {en, us},
  author    = {[{:prenom=>"Simon", :nom=>"Beaufoy", :objet=>nil}, {:prenom=>"Vikas", :nom=>"Swarup", :objet=>nil}]},
  director  = {Boyle , Danny and Tandan, Loveleen},
  publisher = {Colson, Christian and Ritchie, Paul},
  id        = {SlumdogMillionnaire2008}
}


@Book{SomeLikeItHot1959,
  title     = {Some Like It Hot},
  titlefr   = {Certains l'aiment chaud},
  year      = {1959},
  country   = {us},
  author    = {[{:prenom=>"Robert", :nom=>"Thoeren", :fonction=>"histoire"}, {:prenom=>"Michael", :nom=>"Logan", :fonction=>"histoire"}, {:prenom=>"Billy", :nom=>"Wilder", :fonction=>"sc\u00E9nario"}, {:prenom=>"I.A.L.", :nom=>"Diamond", :fonction=>"sc\u00E9nario"}]},
  director  = {Wilder, Billy},
  publisher = {Wilder, Billy},
  id        = {SomeLikeItHot1959}
}


@Book{SpaceCowbows2000,
  title     = {Space Cowbows},
  titlefr   = {},
  year      = {2000},
  country   = {us, au},
  author    = {[{:nom=>"Kaufman", :prenom=>"Ken"}, {:nom=>"Klausner", :prenom=>"Howard"}]},
  director  = {Eastwood, Clint},
  publisher = {Eastwood, Clint, Lazar, Andrew and Rooker, Tom},
  id        = {SpaceCowbows2000}
}


@Book{StageBeauty2004,
  title     = {Stage Beauty},
  titlefr   = {},
  year      = {2004},
  country   = {en, us, de},
  author    = {[{:prenom=>"Jeffrey", :nom=>"Hatcher", :objet=>"Pi\u00E8ce et sc\u00E9nario"}]},
  director  = {Eyre, Richard},
  publisher = {De Niro , Robert, Rosenthal , Jane and Justice, Hardy},
  id        = {StageBeauty2004}
}


@Book{StarWars1977,
  title     = {Star Wars},
  titlefr   = {},
  year      = {1977},
  country   = {us},
  author    = {[{:prenom=>"George", :nom=>"Lucas", :objet=>nil}]},
  director  = {Lucas, George},
  publisher = {Kurtz, Gary and McCallum, Rick},
  id        = {StarWars1977}
}


@Book{StillAlice2014,
  title     = {Still Alice},
  titlefr   = {},
  year      = {2014},
  country   = {us},
  author    = {[{:prenom=>"Richard", :nom=>"Glatzer", :objet=>"sc\u00E9nario"}, {:prenom=>"Wash", :nom=>"Westmoreland", :objet=>"sc\u00E9nario"}, {:prenom=>"Lisa", :nom=>"Genova", :objet=>"roman"}]},
  director  = {Glatzer, Richard and Westmoreland, Wash},
  publisher = {Brown, James, Koffler, Pamela and Lutzus, Lex},
  id        = {StillAlice2014}
}


@Book{SunsetBoulevard1950,
  title     = {Sunset Boulevard},
  titlefr   = {Boulevard du Crépuscule},
  year      = {1950},
  country   = {us},
  author    = {[{:prenom=>"Billy", :nom=>"Wilder", :objet=>nil}, {:prenom=>"Charles", :nom=>"Brackett ", :objet=>nil}, {:prenom=>"D.M.", :nom=>"Marshman Jr.", :objet=>nil}]},
  director  = {Wilder, Billy},
  publisher = {Brackett, Charles},
  id        = {SunsetBoulevard1950}
}


@Book{Sunshine2007,
  title     = {Sunshine},
  titlefr   = {},
  year      = {2007},
  country   = {en, us},
  author    = {[{:prenom=>"Alex", :nom=>"Garland", :objet=>nil}]},
  director  = {Boyle, Danny},
  publisher = {Macdonald, Andrew},
  id        = {Sunshine2007}
}


@Book{Taken2008,
  title     = {Taken},
  titlefr   = {},
  year      = {2008},
  country   = {fr, us},
  author    = {[{:prenom=>"Luc", :nom=>"Besson", :fonction=>nil}, {:prenom=>"Robert Mark", :nom=>"Kamen", :fonction=>nil}]},
  director  = {Morel, Pierre},
  publisher = {Besson, Luc},
  id        = {Taken2008}
}


@Book{TaxiDriver1976,
  title     = {Taxi Driver},
  titlefr   = {},
  year      = {1976},
  country   = {us},
  author    = {[{:nom=>"Schrader", :prenom=>"Paul"}]},
  director  = {Scorsese, Martin},
  publisher = {Phillips, Julia and Phillips, Michael},
  id        = {TaxiDriver1976}
}


@Book{TchaoPantin1983,
  title     = {Tchao Pantin},
  titlefr   = {},
  year      = {1983},
  country   = {fr},
  author    = {[{:nom=>"Page", :prenom=>"Alain"}, {:nom=>"Berri", :prenom=>"Claude"}]},
  director  = {Berri, Claude},
  publisher = {Grunstein, Pierre},
  id        = {TchaoPantin1983}
}


@Book{TheAfricanQueen1951,
  title     = {The African Queen},
  titlefr   = {},
  year      = {1951},
  country   = {us, en},
  author    = {[{:prenom=>"C.S.", :nom=>"Forester", :objet=>nil}, {:prenom=>"James", :nom=>"Agee", :objet=>nil}, {:prenom=>"John", :nom=>"Huston", :objet=>nil}, {:prenom=>"Peter", :nom=>"Viertel", :objet=>nil}]},
  director  = {Huston, John},
  publisher = {Spiegel, Sam and Woolf, John},
  id        = {TheAfricanQueen1951}
}


@Book{TheAndersonTapes1971,
  title     = {The Anderson Tapes},
  titlefr   = {Le Gang Anderson},
  year      = {1971},
  country   = {us},
  author    = {[{:prenom=>"Lawrence", :nom=>"Sanders", :fonction=>nil}, {:prenom=>"Frank", :nom=>"Pierson", :fonction=>nil}]},
  director  = {Lumet, Sidney},
  publisher = {Weitman, Robert},
  id        = {TheAndersonTapes1971}
}


@Book{TheArtist2011,
  title     = {The Artist},
  titlefr   = {},
  year      = {2011},
  country   = {fr, be, us},
  author    = {[{:prenom=>"Michel", :nom=>"Hazanavicius", :fonction=>nil}]},
  director  = {Hazanavicius, Michel},
  publisher = {Langmann, Thomas},
  id        = {TheArtist2011}
}


@Book{TheBeach2000,
  title     = {The Beach},
  titlefr   = {La Plage},
  year      = {2000},
  country   = {us, en},
  author    = {[{:prenom=>"Alex", :nom=>"Garland", :objet=>nil}, {:prenom=>"John", :nom=>"Hodge", :objet=>nil}]},
  director  = {Boyle, Danny},
  publisher = {Macdonald, Andrew},
  id        = {TheBeach2000}
}


@Book{TheBigLebowski1998,
  title     = {The Big Lebowski},
  titlefr   = {},
  year      = {1998},
  country   = {us, en},
  author    = {[{:prenom=>"Ethan", :nom=>"Coen", :objet=>nil}, {:prenom=>"Joel", :nom=>"Coen", :objet=>nil}]},
  director  = {Coen, Joel},
  publisher = {Bevan, Tim and Fellner, Eric},
  id        = {TheBigLebowski1998}
}


@Book{TheBourneSupremacy2004,
  title     = {The Bourne Supremacy},
  titlefr   = {La Mort dans la peau},
  year      = {2004},
  country   = {us},
  author    = {[{:prenom=>"Robert", :nom=>"Ludlum", :objet=>nil}, {:prenom=>"Tony", :nom=>"Gilroy", :objet=>nil}]},
  director  = {Greengrass, Paul},
  publisher = {Crowley, Patrick, Marshall, Frank and Sandberg, Paul},
  id        = {TheBourneSupremacy2004}
}


@Book{TheButterflyEffect2004,
  title     = {The Butterfly Effect},
  titlefr   = {L'Effet papillon},
  year      = {2004},
  country   = {us, ca},
  author    = {[{:prenom=>"J. Mackye", :nom=>"Gruber", :objet=>nil}, {:prenom=>"Eric", :nom=>"Bress", :objet=>nil}]},
  director  = {Bress, Eric and Gruber, J. Mackye},
  publisher = {Bender, Chris, Dix, A.J. and Rhulen, Anthony},
  id        = {TheButterflyEffect2004}
}


@Book{TheClient1994,
  title     = {The Client},
  titlefr   = {Le Client},
  year      = {1994},
  country   = {us},
  author    = {[{:prenom=>"John", :nom=>"Grisham", :objet=>nil}, {:prenom=>"Akiva", :nom=>"Goldsman", :objet=>nil}, {:prenom=>"Robert", :nom=>"Getchell", :objet=>nil}]},
  director  = {Schumacher, Jœl},
  publisher = {Milchan, Arnon and Reuther, Steven},
  id        = {TheClient1994}
}


@Book{TheCuriousCaseOfBenjaminButton2008,
  title     = {The Curious Case Of Benjamin Button},
  titlefr   = {L’Étrange histoire de Benjamin Button},
  year      = {2008},
  country   = {us},
  author    = {[{:prenom=>"Eric", :nom=>"Roth", :fonction=>"Histoire et sc\u00E9nario"}, {:prenom=>"Robin", :nom=>"Swicord", :fonction=>"Histoire"}, {:prenom=>"F. Scott", :nom=>"Fitzgerald", :fonction=>"Nouvelle"}]},
  director  = {Fincher, David},
  publisher = {Chaffin, Ceán, Kennedy, Kathleen and Marshall, Frank},
  id        = {TheCuriousCaseOfBenjaminButton2008}
}


@Book{TheDeparted2006,
  title     = {The Departed},
  titlefr   = {},
  year      = {2006},
  country   = {us},
  author    = {[{:prenom=>"Alan", :nom=>"Mak", :objet=>nil}, {:prenom=>"William", :nom=>"Monahan", :objet=>nil}]},
  director  = {Scorsese, Martin},
  publisher = {Grey, Brad, King, Graham, Nunnari, Gianni and Pitt, Brad},
  id        = {TheDeparted2006}
}


@Book{TheDevilWearsPrada2006,
  title     = {The Devil Wears Prada},
  titlefr   = {Le Diable s’habille en Prada},
  year      = {2006},
  country   = {us},
  author    = {[{:prenom=>"Aline", :nom=>"Brosh McKenna", :fonction=>"Sc\u00E9nario"}, {:prenom=>"Lauren", :nom=>"Weisberger", :fonction=>"Roman"}]},
  director  = {Frankel, David},
  publisher = {Finerman, Wendy},
  id        = {TheDevilWearsPrada2006}
}


@Book{TheExorcist1973,
  title     = {The Exorcist},
  titlefr   = {L'Exorciste},
  year      = {1973},
  country   = {us},
  author    = {[{:prenom=>"William Peter", :nom=>"Blatty", :fonction=>"roman et adaptation"}]},
  director  = {Friedkin, William},
  publisher = {Blatty, William Peter},
  id        = {TheExorcist1973}
}


@Book{TheFamilyMan2000,
  title     = {The Family Man},
  titlefr   = {},
  year      = {2000},
  country   = {us},
  author    = {[{:nom=>"Diamond", :prenom=>"David"}, {:nom=>"Weissman", :prenom=>"David"}]},
  director  = {Ratner, Brett},
  publisher = {Abraham, Marc, Ludwig, Tony, Riche, Alan and Rosenman, Howard},
  id        = {TheFamilyMan2000}
}


@Book{TheFaultInOurStars2014,
  title     = {The Fault in Our Stars},
  titlefr   = {Nos étoiles contraires},
  year      = {2014},
  country   = {us},
  author    = {[{:prenom=>"John", :nom=>"Green", :fonction=>"Roman"}, {:prenom=>"Scott", :nom=>"Neustadter", :fonction=>"Sc\u00E9nario"}, {:prenom=>"Michael H.", :nom=>"Weber", :fonction=>"Sc\u00E9nario"}]},
  director  = {Boone, Josh},
  publisher = {Bowen, Marty and Godfrey, Wyck},
  id        = {TheFaultInOurStars2014}
}


@Book{LeCinquiemeElement1997,
  title     = {The Fifth Element},
  titlefr   = {Le Cinquième élément},
  year      = {1997},
  country   = {fr},
  author    = {[{:prenom=>"Luc", :nom=>"Besson", :objet=>nil}, {:prenom=>"Robert Mark", :nom=>"Kamen", :objet=>nil}]},
  director  = {Besson, Luc},
  publisher = {Ledoux, Patrice},
  id        = {LeCinquiemeElement1997}
}


@Book{TheFirm1993,
  title     = {The Firm},
  titlefr   = {La Firme},
  year      = {1993},
  country   = {us},
  author    = {[{:prenom=>"John", :nom=>"Grisham", :objet=>nil}, {:prenom=>"David", :nom=>"Rabe", :objet=>nil}, {:prenom=>"Robert", :nom=>"Towne", :objet=>nil}, {:prenom=>"David", :nom=>"Rayfiel", :objet=>nil}]},
  director  = {Pollack, Sydney},
  publisher = {Davis, John, Pollack, Sydney and Rudin, Scott},
  id        = {TheFirm1993}
}


@Book{TheFly1986,
  title     = {The Fly},
  titlefr   = {La Mouche},
  year      = {1986},
  country   = {us},
  author    = {[{:prenom=>"George", :nom=>"Langelaan", :fonction=>"Nouvelle"}, {:prenom=>"Charles Edward", :nom=>"Pogue", :fonction=>"Sc\u00E9nario"}, {:prenom=>"David", :nom=>"Cronenberg", :fonction=>"Sc\u00E9nario"}]},
  director  = {Cronenberg, David},
  publisher = {Cornfeld, Stuart},
  id        = {TheFly1986}
}


@Book{TheGreatEscape1963,
  title     = {The Great Escape},
  titlefr   = {La Grande échappée},
  year      = {1963},
  country   = {us},
  author    = {[{:prenom=>"Paul", :nom=>"Brickhill", :objet=>nil}, {:prenom=>"James", :nom=>"Clavell", :objet=>nil}, {:prenom=>"W.R.", :nom=>"Burnett", :objet=>nil}]},
  director  = {Sturges, John},
  publisher = {Sturges, John and Clavell, James},
  id        = {TheGreatEscape1963}
}


@Book{HorseWhisperer1998,
  title     = {The Horse Whisperer},
  titlefr   = {L'Homme qui murmurait à l'oreille des chevaux},
  year      = {1998},
  country   = {us},
  author    = {[{:prenom=>"Nick", :nom=>"Evans", :fonction=>"Roman"}, {:prenom=>"Eric", :nom=>"Roth", :fonction=>"Sc\u00E9nario"}, {:prenom=>"Richard", :nom=>"LaGravenese", :fonction=>"Sc\u00E9nario"}]},
  director  = {Redford, Robert},
  publisher = {Markey, Patrick and Redford, Robert},
  id        = {HorseWhisperer1998}
}


@Book{TheHouseOfTheSpirits1993,
  title     = {The House of the Spirits},
  titlefr   = {La Maison aux esprits},
  year      = {1993},
  country   = {pt, de, us, da, fr},
  author    = {[{:prenom=>"Isabel", :nom=>"Allende", :objet=>nil}, {:prenom=>"Bille", :nom=>"August", :objet=>nil}]},
  director  = {August, Bille},
  publisher = {Eichinger, Bernd and Moszkowicz, Martin},
  id        = {TheHouseOfTheSpirits1993}
}


@Book{TheIntern2015,
  title     = {The Intern},
  titlefr   = {Le Nouveau stagiaire},
  year      = {2015},
  country   = {us},
  author    = {[{:prenom=>"Nancy", :nom=>"Meyers", :objet=>nil}]},
  director  = {Meyers, Nancy},
  publisher = {Meyers, Nancy},
  id        = {TheIntern2015}
}


@Book{TheLordOfTheRings2001,
  title     = {The Lord of the Rings},
  titlefr   = {Le Seigneur des anneaux},
  year      = {2001},
  country   = {us},
  author    = {[{:prenom=>"J.R.R.", :nom=>"Tolkien", :objet=>nil}, {:prenom=>"Fran", :nom=>"Walsh", :objet=>nil}, {:prenom=>"Philippa", :nom=>"Boyens", :objet=>nil}, {:prenom=>"Peter", :nom=>"Jackson", :objet=>nil}]},
  director  = {Jackson, Peter},
  publisher = {Jackson, Peter, Osborne, Barrie M., Sanders, Tim and Walsh, Fran},
  id        = {TheLordOfTheRings2001}
}


@Book{TheMagnificentAmbersons1942,
  title     = {The Magnificent Ambersons},
  titlefr   = {La Splendeur des Amberson},
  year      = {1942},
  country   = {us},
  author    = {[{:prenom=>"Booth", :nom=>"Tarkington", :objet=>nil}, {:prenom=>"Orson", :nom=>"Welles", :objet=>nil}, {:prenom=>"Joseph", :nom=>"Cotten", :objet=>nil}, {:prenom=>"Jack", :nom=>"Moss", :objet=>nil}]},
  director  = {Welles, Orson, Fleck, Fred and Wise, Robert},
  publisher = {Welles , Orson  and Moss, Jack },
  id        = {TheMagnificentAmbersons1942}
}


@Book{TheManInTheIronMask1998,
  title     = {The Man in the Iron Mask},
  titlefr   = {L'Homme au masque de fer},
  year      = {1998},
  country   = {us, fr},
  author    = {[{:prenom=>"Alexandre", :nom=>"Dumas p\u00E8re", :objet=>nil}, {:prenom=>"Randall", :nom=>"Wallace", :objet=>nil}]},
  director  = {Wallace, Randall},
  publisher = {Smith, Russel and Wallace, Randall},
  id        = {TheManInTheIronMask1998}
}


@Book{TheManWithTheGoldenArm1955,
  title     = {The Man with the Golden Arm},
  titlefr   = {L'Homme au bras d'or},
  year      = {1955},
  country   = {us},
  author    = {[{:prenom=>"Nelson", :nom=>"Algren", :objet=>"roman "}, {:prenom=>"Walter", :nom=>"Newman", :objet=>"sc\u00E9nario"}, {:prenom=>"Lewis", :nom=>"Meltzer", :objet=>"sc\u00E9nario"}, {:prenom=>"Ben", :nom=>"Hecht", :objet=>nil}]},
  director  = {Preminger, Otto},
  publisher = {Preminger, Otto},
  id        = {TheManWithTheGoldenArm1955}
}


@Book{TheMazeRunner2014,
  title     = {The Maze Runner},
  titlefr   = {Le Labyrinthe},
  year      = {2014},
  country   = {us},
  author    = {[{:prenom=>"Noah", :nom=>"Oppenheim", :objet=>nil}, {:prenom=>"Grant Pierce", :nom=>"Myers", :objet=>nil}, {:prenom=>"T.S.", :nom=>"Nowlin", :objet=>nil}, {:prenom=>"James", :nom=>"Dashner", :objet=>nil}]},
  director  = {Wes, Ball},
  publisher = {Bowen, Marty, Godfrey, Wyck, Goldsmith-Vein, Ellen, Stollman, Lee and , Lindsay Williams,,,},
  id        = {TheMazeRunner2014}
}


@Book{TheNightmareBeforeChristmas1993,
  title     = {The Nightmare Before Christmas},
  titlefr   = {L'Étrange noël de Mister Jack},
  year      = {1993},
  country   = {us},
  author    = {[{:prenom=>"Tim", :nom=>"Burton", :fonction=>"histoire"}, {:prenom=>"Mickael", :nom=>"McDowell", :fonction=>"adaptation"}, {:prenom=>"Caroline", :nom=>"Thompson", :fonction=>"sc\u00E9nario"}]},
  director  = {Selick, Henry},
  publisher = {Burton, Tim, Di Novi, Denise and Hahn, Don},
  id        = {TheNightmareBeforeChristmas1993}
}


@Book{TheNotebook2004,
  title     = {The Notebook},
  titlefr   = {N’oublie jamais},
  year      = {2004},
  country   = {us},
  author    = {[{:nom=>"Sparks", :prenom=>"Nicholas"}, {:nom=>"Sardi", :prenom=>"Jan"}, {:nom=>"Leven", :prenom=>"Jeremy"}]},
  director  = {Cassavetes, Nick},
  publisher = {Harris, Lynn and Johnson, Mark},
  id        = {TheNotebook2004}
}


@Book{ThePrestige2006,
  title     = {The Prestige},
  titlefr   = {},
  year      = {2006},
  country   = {us, en},
  author    = {[{:prenom=>"Jonathan", :nom=>"Nolan", :objet=>"Sc\u00E9nario"}, {:prenom=>"Christopher", :nom=>"Nolan", :objet=>"Sc\u00E9nario"}, {:prenom=>"Christopher", :nom=>"Priest", :objet=>"Roman"}]},
  director  = {Nolan, Christopher},
  publisher = {Nolan, Christopher, Ryder, Aaron and Thomas, Emma},
  id        = {ThePrestige2006}
}


@Book{TheProject2002,
  title     = {The Project},
  titlefr   = {Les Années Tony Blair},
  year      = {2002},
  country   = {en},
  author    = {[{:prenom=>"Leigh", :nom=>"Jackson", :objet=>nil}]},
  director  = {Kosminsky, Peter},
  publisher = {Bird, Matthew},
  id        = {TheProject2002}
}


@Book{TheRiverWild1994,
  title     = {The River Wild},
  titlefr   = {La Rivière sauvage},
  year      = {1994},
  country   = {us},
  author    = {[{:prenom=>"Denis", :nom=>"O'Neill", :fonction=>nil}]},
  director  = {Hanson, Curtis},
  publisher = {Turman, Lawrence and Foster, David},
  id        = {TheRiverWild1994}
}


@Book{TheSilenceOfTheLambs1991,
  title     = {The Silence of the Lambs},
  titlefr   = {Le Silence des agneaux},
  year      = {1991},
  country   = {us},
  author    = {[{:prenom=>"Thomas", :nom=>"Harris", :fonction=>"roman"}, {:prenom=>"Ted", :nom=>"Tally", :fonction=>"sc\u00E9nario"}]},
  director  = {Demme, Jonathan},
  publisher = {Bozman, Ronald M., Saxon, Edward and Utt, Kenneth},
  id        = {TheSilenceOfTheLambs1991}
}


@Book{TheSixthSense1999,
  title     = {The Sixth Sense},
  titlefr   = {Le Sixième sens},
  year      = {1999},
  country   = {us},
  author    = {[{:prenom=>"M. Night", :nom=>"Shyamalan", :fonction=>""}]},
  director  = {Shyamalan, M. Night},
  publisher = {Kennedy, Kathleen, Marshall, Frank and Mendel, Barry},
  id        = {TheSixthSense1999}
}


@Book{TheSocialNetwork2010,
  title     = {The Social Network},
  titlefr   = {},
  year      = {2010},
  country   = {us},
  author    = {[{:prenom=>"Aaron", :nom=>"Sorkin", :objet=>"sc\u00E9nario"}, {:prenom=>"Ben", :nom=>"Mezrich", :objet=>"livre"}]},
  director  = {Fincher, David},
  publisher = {Brunetti , Dana , Chaffin , Ceán, De Luca , Michael and Rudin, Scott},
  id        = {TheSocialNetwork2010}
}


@Book{TheSting1973,
  title     = {The Sting},
  titlefr   = {L'Arnaque},
  year      = {1973},
  country   = {us},
  author    = {[{:prenom=>"David S.", :nom=>"Ward", :fonction=>""}, {:prenom=>"Julia", :nom=>"Phillips", :fonction=>""}, {:prenom=>"Michael", :nom=>"Phillips", :fonction=>""}]},
  director  = {Hill, George Roy},
  publisher = {Bill, Tony},
  id        = {TheSting1973}
}


@Book{TheStraightStory1999,
  title     = {The Straight Story},
  titlefr   = {Une Histoire vraie},
  year      = {1999},
  country   = {us},
  author    = {[{:prenom=>"John", :nom=>"Roach", :objet=>nil}, {:prenom=>"Mary", :nom=>"Sweeney", :objet=>nil}]},
  director  = {Lynch, David},
  publisher = {Edelstein, Neal and Sweeney, Mary},
  id        = {TheStraightStory1999}
}


@Book{TheWolfOfWallStreet2013,
  title     = {The Wolf of Wall Street},
  titlefr   = {Le loup de Wall Street},
  year      = {2013},
  country   = {us},
  author    = {[{:prenom=>"Jordan", :nom=>"Belfort", :fonction=>"Livre"}, {:prenom=>"Terence", :nom=>"Winter", :fonction=>"Sc\u00E9nario"}]},
  director  = {Scorsese, Martin},
  publisher = {Aziz, Riza, DiCaprio, Leonardo, McFarland, Joey, Scorsese, Martin and Tillinger, Emma},
  id        = {TheWolfOfWallStreet2013}
}


@Book{TheXFiles1993,
  title     = {The X-Files},
  titlefr   = {X-Files},
  year      = {1993},
  country   = {us},
  author    = {[{:prenom=>"Chris", :nom=>"Carter (cr\u00E9ateur)", :objet=>nil}, {:prenom=>"Glen", :nom=>"Morgan", :objet=>nil}, {:prenom=>"James", :nom=>"Wong", :objet=>nil}, {:prenom=>"Howard", :nom=>"Gordon", :objet=>nil}, {:prenom=>"Frank", :nom=>"Spotnitz", :objet=>nil}, {:prenom=>"Vince", :nom=>"Gilligan", :objet=>nil}, {:prenom=>"John", :nom=>"Shiban", :objet=>nil}, {:prenom=>"Kim", :nom=>"Newton", :objet=>nil}]},
  director  = {Bowman, Rob, Carter, Chris, Goodwin, R.W., Manners, Kim and Nutter, David},
  publisher = {Bowman, Rob, Bring, Harry V., Caulfield, Bernadette, Finn, Joseph Patrick, Manners, Kim and Rabwin, Paul},
  id        = {TheXFiles1993}
}


@Book{ThelmaLouise1991,
  title     = {Thelma & Louise},
  titlefr   = {},
  year      = {1991},
  country   = {us},
  author    = {[{:prenom=>"Callie", :nom=>"Khouri", :objet=>nil}]},
  director  = {Scott, Ridley},
  publisher = {Scott, Ridley and Gitlin, Mimi Polk},
  id        = {ThelmaLouise1991}
}


@Book{ThereSSomethingAboutMary1998,
  title     = {There's Something About Mary},
  titlefr   = {Mary à tout prix},
  year      = {1998},
  country   = {us},
  author    = {[{:nom=>"Decter", :prenom=>"Ed"}, {:nom=>"J. Strauss", :prenom=>"John"}, {:nom=>"Farrelly", :prenom=>"Bobby"}, {:nom=>"Farrelly", :prenom=>"Peter"}]},
  director  = {Farrelly, Bobby and Farrelly, Peter},
  publisher = {Beddor, Frank, Steinberg, Michael, Thomas, Bradley and B. Wessler, Charles},
  id        = {ThereSSomethingAboutMary1998}
}


@Book{ThingsWeLostInTheFire2007,
  title     = {Things We Lost in the Fire},
  titlefr   = {Nos souvenirs brûlés},
  year      = {2007},
  country   = {us},
  author    = {[{:prenom=>"Allan", :nom=>"Loeb", :objet=>nil}]},
  director  = {Bier, Susanne },
  publisher = {Mendes , Sam and Mercer, Sam},
  id        = {ThingsWeLostInTheFire2007}
}


@Book{ThunderboltAndLightfoot1974,
  title     = {Thunderbolt and Lightfoot},
  titlefr   = {Le Canardeur},
  year      = {1974},
  country   = {us},
  author    = {[{:nom=>"Cimino", :prenom=>"Michael"}]},
  director  = {Cimino, Michael},
  publisher = {Daley, Robert},
  id        = {ThunderboltAndLightfoot1974}
}


@Book{TimeOut2011,
  title     = {Time Out},
  titlefr   = {},
  year      = {2011},
  country   = {us},
  author    = {[{:prenom=>"Andrew", :nom=>"Niccol", :objet=>"sc\u00E9nario"}, {:prenom=>"Lee", :nom=>"Falk", :objet=>"histoire originale"}]},
  director  = {Niccol, Andrew},
  publisher = {Abraham , Marc , Newman , Eric and Niccol, Andrew},
  id        = {TimeOut2011}
}


@Book{Titanic1997,
  title     = {Titanic},
  titlefr   = {},
  year      = {1997},
  country   = {us},
  author    = {[{:prenom=>"James", :nom=>"Cameron", :objet=>nil}]},
  director  = {Cameron, James},
  publisher = {Cameron, James and Landau, Jon},
  id        = {Titanic1997}
}


@Book{Tootsie1982,
  title     = {Tootsie},
  titlefr   = {},
  year      = {1982},
  country   = {us},
  author    = {[{:prenom=>"Larry", :nom=>"Gelbart", :objet=>"sc\u00E9nario"}, {:prenom=>"Murray", :nom=>"Schisgal", :objet=>"sc\u00E9nario"}, {:prenom=>"Don", :nom=>"McGuire", :objet=>"histoire"}, {:prenom=>"Larry", :nom=>"Gelbart", :objet=>"histoire"}, {:prenom=>"Barry", :nom=>"Levinson", :objet=>"sc\u00E9nario"}, {:prenom=>"Robert", :nom=>"Garland", :objet=>"sc\u00E9nario"}, {:prenom=>"Elaine", :nom=>"May", :objet=>"sc\u00E9nario"}]},
  director  = {Pollack, Sydney},
  publisher = {Pollack,, Sydney and Richards, Dick},
  id        = {Tootsie1982}
}


@Book{ToyStory1995,
  title     = {Toy Story},
  titlefr   = {},
  year      = {1995},
  country   = {us},
  author    = {[{:prenom=>"John", :nom=>"Lasseter", :fonction=>"histoire"}, {:prenom=>"Pete", :nom=>"Docter", :fonction=>"histoire"}, {:prenom=>"Andrew", :nom=>"Stanton", :fonction=>"histoire"}, {:prenom=>"Joe", :nom=>"Ranft", :fonction=>"histoire"}, {:prenom=>"Joss", :nom=>"Whedon", :fonction=>"sc\u00E9nario"}, {:prenom=>"Andrew", :nom=>"Stanton", :fonction=>"sc\u00E9nario"}, {:prenom=>"Joel", :nom=>"Cohen", :fonction=>"sc\u00E9nario"}, {:prenom=>"Alec", :nom=>"Sokolow", :fonction=>"sc\u00E9nario"}]},
  director  = {Lasseter, John},
  publisher = {Arnold, Bonnie and Guggenheim, Ralph},
  id        = {ToyStory1995}
}


@Book{TwelveMonkeys1995,
  title     = {Twelve Monkeys},
  titlefr   = {L'Armée des douze singes},
  year      = {1995},
  country   = {us},
  author    = {[{:prenom=>"Chris", :nom=>"Marker", :objet=>nil}, {:prenom=>"David Webb", :nom=>"Peoples", :objet=>nil}, {:prenom=>"Janet", :nom=>"Peoples", :objet=>nil}]},
  director  = {Gilliam, Terry},
  publisher = {Roven, Charles},
  id        = {TwelveMonkeys1995}
}


@Book{Twilight2008,
  title     = {Twilight},
  titlefr   = {Twilight : Chapitre 1 - Fascination},
  year      = {2008},
  country   = {us},
  author    = {[{:prenom=>"Stephenie", :nom=>"Meyer", :objet=>"romans"}, {:prenom=>" Melissa", :nom=>"Rosenberg", :objet=>"sc\u00E9nario"}]},
  director  = {Hardwicke, Catherine},
  publisher = {Godfrey , Wyck, Mooradian , Greg  and Morgan, Mark},
  id        = {Twilight2008}
}


@Book{TwoForTheRoad1967,
  title     = {Two for the Road},
  titlefr   = {Voyage à deux},
  year      = {1967},
  country   = {en},
  author    = {[{:prenom=>"Frederic", :nom=>"Raphael", :objet=>nil}]},
  director  = {Donen, Stanley},
  publisher = {Donen, Stanley},
  id        = {TwoForTheRoad1967}
}


@Book{UnHerosTresDiscret1996,
  title     = {Un Héros très discret},
  titlefr   = {},
  year      = {1996},
  country   = {fr},
  author    = {[{:prenom=>"Jean-fran\u00E7ois", :nom=>"Deniau", :objet=>nil}, {:prenom=>"Alain", :nom=>"Le Henry", :objet=>nil}, {:prenom=>"Jacques", :nom=>"Audiard", :objet=>nil}]},
  director  = {Audiard, Jacques},
  publisher = {Godeau, Patrick},
  id        = {UnHerosTresDiscret1996}
}


@Book{UnProphete2009,
  title     = {Un Prophète},
  titlefr   = {},
  year      = {2009},
  country   = {fr},
  author    = {[{:prenom=>"Abdel Raouf", :nom=>"Dafri", :fonction=>"sc\u00E9nario original"}, {:prenom=>"Nicolas", :nom=>"Peufaillit", :fonction=>"sc\u00E9nario original"}, {:prenom=>"Thomas", :nom=>"Bidegain", :fonction=>"sc\u00E9nario"}, {:prenom=>"Jacques", :nom=>"Audiard", :fonction=>"sc\u00E9nario"}]},
  director  = {Audiard, Jacques},
  publisher = {Cassinelli, Martine and Dedet, Antonin},
  id        = {UnProphete2009}
}


@Book{UnAirDeFamille1996,
  title     = {Un air de famille},
  titlefr   = {},
  year      = {1996},
  country   = {fr},
  author    = {[{:nom=>"Jaoui", :prenom=>"Agn\u00E8s"}, {:nom=>"Bacri", :prenom=>"Jean-Pierre"}, {:nom=>"Klapisch", :prenom=>"C\u00E9dric"}]},
  director  = {Klapisch, Cédric},
  publisher = {Gassot, Charles},
  id        = {UnAirDeFamille1996}
}


@Book{Underground1995,
  title     = {Underground},
  titlefr   = {},
  year      = {1995},
  country   = {de, fr, hu, cs},
  author    = {[{:prenom=>"Du\u0161an", :nom=>"Kova\u010Devi\u0107", :objet=>"pi\u00E8ce de th\u00E9\u00E2tre et sc\u00E9nario"}, {:prenom=>"Emir", :nom=>"Kusturica ", :objet=>"sc\u00E9nario"}]},
  director  = {Kusturica, Emir},
  publisher = {Spengler, Pierre, Baumgartner , Karl and Ćatović, Maksa},
  id        = {Underground1995}
}


@Book{Unforgiven1992,
  title     = {Unforgiven},
  titlefr   = {Impitoyable},
  year      = {1992},
  country   = {us},
  author    = {[{:prenom=>"David Webb", :nom=>"Peoples", :fonction=>"Sc\u00E9nario"}]},
  director  = {Eastwood, Clint},
  publisher = {Eastwood, Clint},
  id        = {Unforgiven1992}
}


@Book{WhenHarryMetSally1989,
  title     = {When Harry Met Sally},
  titlefr   = {Quand Harry rencontre Sally},
  year      = {1989},
  country   = {us},
  author    = {[{:prenom=>"Nora", :nom=>"Ephron", :objet=>nil}]},
  director  = {Reiner, Bob},
  publisher = {Reiner, Bob and Scheinman, Andrew},
  id        = {WhenHarryMetSally1989}
}


@Book{Witness1985,
  title     = {Witness},
  titlefr   = {},
  year      = {1985},
  country   = {us},
  author    = {[{:prenom=>"William", :nom=>"Kelley", :objet=>"histoire et sc\u00E9nario"}, {:prenom=>"Pamela", :nom=>"Wallace", :objet=>"histoire"}, {:prenom=>"Earl", :nom=>"W. Wallace", :objet=>"histoire et sc\u00E9nario"}]},
  director  = {Weir, Peter},
  publisher = {S. Feldman, Edward},
  id        = {Witness1985}
}


@Book{WorkingGirl1988,
  title     = {Working Girl},
  titlefr   = {Quand les femmes s'en mêlent},
  year      = {1988},
  country   = {us},
  author    = {[{:prenom=>"Kevin", :nom=>"Wade", :objet=>nil}]},
  director  = {Nichols, Mike},
  publisher = {Wick, Douglas},
  id        = {WorkingGirl1988}
}


@Book{WorldWarZ2013,
  title     = {World War Z},
  titlefr   = {},
  year      = {2013},
  country   = {us},
  author    = {[{:prenom=>"Matthew Michael", :nom=>"Carnahan", :fonction=>nil}, {:prenom=>"Drew", :nom=>"Goddard", :fonction=>nil}, {:prenom=>"Damon", :nom=>"Lindelof", :fonction=>nil}, {:prenom=>"J. Michael", :nom=>"Straczynski", :fonction=>nil}, {:prenom=>"Max", :nom=>"Brooks", :fonction=>nil}]},
  director  = {Forster, Marc},
  publisher = {Bryce, Ian, Gardner, Dede, Kleiner, Jeremy and Pitt, Brad},
  id        = {WorldWarZ2013}
}


@Book{WoHCangLong2000,
  title     = {Wò Hǔ Cáng Lóng},
  titlefr   = {Tigre et dragon},
  year      = {2000},
  country   = {zh, us},
  author    = {[{:prenom=>"Wang", :nom=>"DuLu", :objet=>"livre"}, {:prenom=>"Hui-Ling", :nom=>"Wang", :objet=>"sc\u00E9nario"}, {:prenom=>"James", :nom=>"Schamus", :objet=>"sc\u00E9nario"}, {:prenom=>"Kuo Jung", :nom=>"Tsai", :objet=>"sc\u00E9nario"}]},
  director  = {Lee, Ang},
  publisher = {Hsu, Li-Kong, Kong,, William and Lee, Ang},
  id        = {WoHCangLong2000}
}


